2067 3365
276 243 327 290 38

346 369 396 401 yet
417 364 468 392 the

309 399 511 435 comparison

365 444 398 463 as
419 440 450 462 to

315 469 499 506 primordial

304 510 415 534 matter
435 505 516 539 fails,

267 547 315 574 for
341 546 461 573 neither
488 545 548 572 iliis

289 581 431 616 depends
452 588 490 607 on
514 588 529 607 a

351 616 463 643 mental

283 650 456 686 operation,
479 659 536 678 nor

336 686 411 713 does
433 687 483 713 the

291 721 467 760 Universal,
488 730 521 748 as

338 761 481 790 existima,

296 792 416 827 depend
440 792 522 819 thus.

273 827 335 854 For
357 826 539 861 primordia]

304 867 415 889 matter
434 862 460 889 is
482 861 511 888 in

302 897 387 924 itsclf
405 906 421 924 a
443 905 518 932 pure

303 932 443 968 capacity
465 932 513 959 for

268 968 425 1001 receiving
436 968 546 999 forms¹

310 1003 370 1029 and
393 1002 509 1035 though

276 1046 371 1064 never
391 1038 538 1065 formless

296 1073 326 1099 in
349 1073 432 1107 time,
457 1073 515 1099 still

298 1108 358 1135 this
380 1108 520 1143 capacity

310 1143 335 1170 is
358 1143 512 1177 naturally

300 1178 386 1212 prior
407 1183 437 1205 to
458 1186 517 1213 any

268 1214 348 1240 form
365 1213 546 1241 rcceivablc.

332 1650 404 1677 And
427 1652 488 1679 this
513 1662 515 1664 ·

271 1685 403 1722 priority
424 1688 448 1714 is
476 1687 548 1720 real,

301 1726 354 1749 not
376 1722 525 1756 nossonal,

323 1758 383 1785 and
405 1757 501 1784 exista

288 1791 531 1828 independently

300 1827 335 1855 of
352 1829 390 1856 all
410 1828 520 1855 forms.

273 2018 305 2045 In
330 2018 389 2045 like
411 2024 540 2044 manner

292 2053 344 2080 the
364 2052 526 2080 Universal

304 2096 387 2121 man,
410 2086 465 2114 Rc.
488 2086 512 2113 is

294 2123 456 2158 naturally,
479 2127 530 2149 not

315 2158 503 2193 temporally

300 2194 386 2227 prior
407 2198 438 2220 to
460 2201 518 2228 any

269 2228 441 2255 individua]
466 2236 535 2254 man

294 2264 433 2290 whether
454 2264 475 2290 it
496 2263 531 2289 be

293 2299 412 2325 arrived
436 2303 464 2325 at
487 2298 524 2334 by

310 2334 513 2368 abstraction,

352 2377 388 2396 or
410 2373 471 2396 not.

319 2403 388 2431 God
410 2405 436 2431 is
456 2404 505 2431 tlte

270 2439 395 2466 Author
422 2440 456 2466 of
477 2439 548 2471 iliis,

339 2483 372 2501 as
394 2474 437 2501 ΗΕ
460 2474 484 2501 is

293 2510 342 2536 the
365 2512 475 2536 author
496 2509 530 2535 ot*

297 2544 519 2580 metapllysical

282 2580 377 2613 trum,
400 2580 486 2613 prior
506 2584 536 2606 to

297 2615 405 2649 logical
428 2615 521 2642 truth.

1006 248 1239 279 *IOHANNIS
1265 247 1466 279 WYCLIF.
1720 246 1811 273 CAP·
1832 245 1899 273 VH·

565 356 719 393 scilicet
764 355 820 392 sic
866 354 1124 392 abstractive:
1181 368 1262 392 non
1316 364 1452 391 tamen
1503 363 1561 391 est
1606 368 1743 392 verum
1791 358 1900 405 quod

566 411 737 451 materia
782 415 832 451 sit
877 414 1046 450 materia
1092 413 1237 462 prima,
1292 413 1602 462 circumscripta
1654 415 1899 462 operacione

563 473 789 510 intellectus
836 472 972 519 creati,
1019 485 1093 509 nec
1142 473 1253 521 quod
1297 481 1441 509 natura
1488 471 1538 509 sit
1587 472 1824 509 universalis
1877 487 1899 511 a

564 541 677 581 parte
711 531 783 580 rei,
825 531 1020 580 inscripta
1054 531 1299 580 operacionc
1334 530 1458 567 creati
1500 531 1741 568 intellectu&
1795 534 1896 569 Nam

563 604 654 627 cum
690 591 874 637 materia,
909 589 1020 639 prius
1055 589 1296 627 naturaliter
1319 602 1445 638 capax
1468 590 1597 627 forme
1622 589 1899 640 cuiuscunque

563 663 685 698 quam
732 651 877 686 habeat
922 649 1046 693 illam,
1096 662 1169 697 pro
1215 648 1282 685 illo
1327 661 1423 685 vero
1468 649 1596 697 gradu
1641 649 1799 685 essendi
1839 651 1899 687 vel

563 708 737 745 durandi
772 707 944 744 materia
977 721 999 744 a
1032 716 1145 756 parte
1177 707 1231 744 rei
1257 716 1313 744 est
1336 707 1532 758 informis,
1565 708 1687 754 nuda,
1722 716 1759 744 et
1783 721 1896 756 pura,

564 776 601 803 et
635 769 839 804 abstracta
868 766 872 817 1
902 779 924 803 a
958 765 1139 814 qualibet
1171 766 1303 803 forma
1333 765 1598 803 substanciali
1622 766 1683 803 vel
1713 766 1898 803 acciden-

563 825 632 861 tali
667 838 744 874 que
778 833 911 873 potest
944 824 1019 861 sibi
1049 823 1178 861 inesse
1202 834 1240 861 et
1263 838 1344 861 non
1369 825 1517 872 inesse3
1552 837 1622 873 per
1646 837 1897 874 consequens

563 896 637 932 pro
684 883 751 920 illa
799 896 988 920 mensura
1032 895 1122 920 vere
1166 892 1224 920 est
1264 885 1430 920 materia
1471 883 1604 931 prima
1637 896 1659 920 a
1694 892 1808 932 parte
1841 884 1897 921 rei

563 943 708 992 solum,
750 950 787 978 et
820 941 1046 978 intellectus
1081 941 1239 979 divinus
1282 944 1363 991 (qui
1397 942 1676 979 intelleccione
1709 955 1780 979 sua
1815 956 1896 980 non

563 1001 694 1037 solum
741 1000 1067 1037 intencionaliter
1100 1002 1169 1036 sed
1218 1001 1381 1037 realiter
1427 1000 1508 1049 agit
1542 1000 1649 1037 circa
1684 1003 1894 1038 materiam

564 1068 601 1096 et
645 1058 830 1095 ordinem
876 1058 917 1095 in
965 1058 1147 1105 materia)
1196 1059 1281 1107 ipse
1326 1059 1512 1108 intelligit
1552 1072 1642 1096 vere
1685 1060 1895 1097 materiam

563 1117 674 1166 prius
720 1130 804 1155 esse
839 1130 1031 1166 capacem
1067 1127 1103 1154 et
1137 1131 1210 1166 pro
1244 1117 1314 1154 illo
1348 1118 1471 1167 prior,
1520 1130 1604 1154 esse
1645 1119 1895 1156 denudatum

563 1186 601 1213 et
636 1176 894 1225 deprivatum
935 1178 985 1213 ab
1019 1175 1132 1213 omni
1165 1176 1296 1213 forma
1330 1190 1451 1225 quam
1495 1185 1627 1225 potest
1661 1186 1751 1225 post
1784 1177 1896 1214 illum

563 1236 734 1284 gradum
770 1234 995 1283 prioritatis
1028 1235 1222 1283 recipere,
1271 1244 1308 1271 et
1347 1235 1533 1284 intelligit
1574 1248 1662 1272 eam
1697 1238 1897 1285 posterius

564 1307 648 1332 esse
693 1294 911 1331 formatam
957 1294 1088 1331 forma
1140 1293 1380 1331 accidentali
1433 1303 1471 1330 et
1523 1294 1804 1343 substanciali;
1860 1304 1897 1332 et

562 1352 648 1401 ipse
711 1352 939 1390 intellectus
1002 1354 1225 1389 secundum
1290 1353 1350 1389 sui
1404 1352 1724 1390 intelleccionem
1783 1354 1897 1403 ponit

563 1413 775 1448 materiam
810 1413 859 1448 ·in
904 1410 1047 1448 ordine
1092 1421 1134 1448 ut
1179 1411 1265 1460 ipsa
1312 1411 1422 1460 prius
1455 1412 1694 1449 naturaliter
1728 1426 1749 1449 a
1783 1422 1896 1461 parte

563 1470 619 1507 rei
653 1469 704 1506 sit
736 1472 868 1519 prima
903 1469 1074 1507 materia
1106 1472 1215 1507 nuda
1248 1479 1286 1507 et
1317 1472 1517 1519 depurata
1558 1484 1580 1508 a
1614 1471 1794 1520 qualibet
1827 1472 1896 1508 illa

563 1530 709 1580 forma,
764 1537 802 1566 et
854 1538 944 1577 post
996 1529 1107 1566 illum
1161 1531 1331 1578 gradum
1387 1542 1573 1567 mensure
1627 1530 1783 1567 essendi
1836 1531 1896 1567 vel

565 1587 739 1624 durandi
784 1587 899 1636 ponit
940 1600 1027 1625 eam
1074 1587 1203 1625 inesse
1250 1588 1427 1625 formato
1467 1589 1598 1625 forma
1632 1589 1895 1626 substanciali

566 1655 603 1683 et
641 1646 895 1686 accidentali.
941 1649 989 1683 Et
1029 1646 1085 1683 516
1126 1647 1295 1684 materia
1336 1647 1466 1696 prima
1506 1660 1578 1695 pro
1618 1648 1750 1696 aliqua
1786 1661 1896 1685 men-

565 1718 658 1742 sura
716 1706 873 1742 essendi
924 1706 985 1742 vel
1039 1705 1211 1742 durandi
1266 1719 1287 1742 a
1340 1714 1454 1754 parte
1507 1705 1563 1742 rei
1616 1714 1673 1742 est
1727 1707 1896 1743 materia

565 1764 710 1814 prima,
754 1777 856 1813 pura
900 1772 938 1800 et
983 1765 1187 1801 denudata
1235 1766 1283 1801 ab
1316 1764 1428 1801 omni
1468 1765 1599 1802 forma
1641 1778 1723 1801 non
1764 1778 1895 1802 esscn-
1940 1768 1953 1800 5

565 1822 657 1859 ciali
692 1822 749 1858 illi
789 1824 898 1871 prius
939 1822 1123 1871 materie,
1166 1823 1258 1860 licet
1297 1836 1377 1860 non
1419 1823 1469 1860 sit
1502 1832 1643 1872 postea
1682 1824 1723 1860 in
1757 1825 1896 1874 aliquo

564 1890 747 1930 tempore
799 1882 860 1919 vel
912 1881 952 1918 in
999 1881 1165 1918 instanti
1209 1881 1404 1931 temporis
1449 1881 1633 1919 informis
1678 1883 1739 1920 vel
1790 1884 1897 1921 nuda

564 1941 717 1989 absque
751 1940 896 1977 forma.

623 1999 689 2036 Sic
734 1998 966 2036 humanitas
1005 1998 1258 2047 simpliciter,
1305 1999 1365 2036 vel
1405 1999 1607 2048 equinitas
1646 2000 1896 2052 simpliciter,

565 2059 673 2106 prius
719 2058 816 2106 (quo
850 2059 900 2094 ad
934 2067 1123 2094 naturam
1165 2066 1202 2094 et
1236 2058 1591 2107 consequenciam)
1636 2072 1657 2095 a
1692 2068 1806 2107 parte
1841 2060 1929 2097 rei?

565 2125 622 2152 est
667 2129 788 2164 quam
836 2116 1069 2165 quicunque
1123 2116 1339 2165 singularis
1393 2117 1516 2153 homo
1571 2117 1631 2154 vel
1684 2117 1897 2166 singularis

566 2188 693 2224 equus
727 2184 763 2211 et
797 2174 853 2211 sic
888 2188 961 2223 pro
991 2175 1059 2212 illo
1093 2175 1249 2223 “priori
1275 2189 1297 2212 a
1322 2184 1435 2223 parte
1460 2175 1548 2211 rei‘'
1584 2177 1815 2213 humanitas
1841 2187 1897 2214 est

541 2233 794 2270 5communis
820 2242 857 2270 et
880 2247 963 2270 non
987 2234 1201 2282 singularis
1227 2236 1300 2271 deo
1325 2247 1396 2282 per
1421 2234 1741 2272 intelleccionem
1767 2249 1897 2282 suam,

564 2292 620 2329 sic
659 2292 894 2340 ordinante3
941 2301 977 2329 et
1024 2305 1094 2341 per
1139 2306 1389 2342 consequens
1436 2302 1581 2330 natura
1629 2294 1808 2331 humana
1854 2307 1897 2331 ex

566 2351 822 2388 communius
865 2360 901 2387 et
936 2351 1053 2388 realis
1087 2365 1108 2388 a
1143 2362 1256 2399 parte
1291 2361 1327 2388 et
1360 2360 1505 2388 natura
1547 2352 1602 2388 rei
1636 2354 1788 2401 absque
1823 2354 1929 2391 hoe*

565 2411 676 2458 quod
722 2410 949 2447 intellectus
995 2410 1166 2447 fabricat
1212 2410 1558 2448 universalitatem
1608 2411 1796 2460 logicam.
1849 2414 1898 2448 Et

565 2468 621 2505 sic
667 2470 776 2516 deus,
830 2472 887 2505 2m
935 2469 1256 2506 intellec-cionem
1304 2482 1418 2506 suam
1464 2469 1504 2506 in
1550 2471 1680 2517 rebus,
1726 2470 1897 2507 fabricat

565 2526 909 2564 universalitatem
945 2528 1310 2577 methaphysicam,
1349 2541 1426 2577 que
1460 2537 1518 2565 est
1552 2528 1897 2566 universitalitatis

566 2587 775 2622 cuiusdam
829 2586 932 2623 entis
986 2587 1178 2635 formalis,
1233 2587 1346 2624 sicud
1400 2595 1437 2623 et
1481 2587 1566 2636 ipse
1614 2596 1706 2624 ante
1758 2601 1896 2625 verum

564 2645 726 2692 loyeurn
780 2645 991 2682 veritatem
1048 2646 1395 2694 methaphysicam
1449 2646 1620 2683 fabricat
1679 2646 1719 2683 in

565 2703 754 2741 universi.
790 2706 837 2740 Et
862 2704 917 2741 516
941 2705 1220 2742 universalitas
1247 2704 1522 2753 metaphysica
1556 2717 1769 2756 equorum,
1804 2719 1895 2743 cum

1492 2862 1532 2874 Α

636 2893 657 2911 1.
682 2894 741 2912 nou
765 2890 809 2912 cst
830 2885 896 2913 MS.
1046 2889 1213 2913 tornutium
1236 2886 1303 2914 MS.
1381 2886 1428 2914 30.
1452 2876 1553 2922 quani
1577 2887 1641 2915 MS.

1946 774 2027 802 210q

1920 898 1957 918 10

1919 1181 1954 1212 15

1914 1485 1929 1504 2
1934 1486 1955 1505 Ο

1914 2361 1954 2394 35

1778 2648 1896 2684 rebus
1911 2666 1957 2696 40
