2067 3365
593 218 651 250 DE
681 219 1061 252 UNIVERSALIBUS.

163 334 222 362 est
254 324 330 361 hoc
363 324 517 373 aliquid
550 325 591 361 in
614 333 724 371 actu3
760 328 807 375 30
831 324 1092 362 coniunctum
1117 337 1161 363 ex
1184 324 1271 364 hiis.
1306 325 1488 363 lnnuitur

164 383 275 432 quod
314 384 481 420 materia
521 382 652 432 prima
693 392 750 420 est
781 384 911 432 prima
943 382 1223 429 subsistencia,
1270 385 1488 432 precedens

164 440 272 480 afias

223 499 390 537 Solucio.
426 498 621 536 Definicio
643 498 871 536 Aristotelis
905 508 962 536 est
995 500 1044 536 de
1076 499 1308 537 substancia
1341 500 1488 549 depen-

131 558 282 594 5dente
315 569 337 593 a
371 556 502 605 prima
535 569 670 596 causa.
705 560 772 594 Est
805 565 942 594 tamen
975 557 1183 595 sciendum
1218 559 1328 606 quod
1363 557 1490 606 magis

165 614 405 652 conveniens
448 616 688 652 vocabulum
736 615 902 652 materie
945 615 1075 664 prime
1121 624 1180 652 est
1224 615 1489 653 subsistencia

164 686 285 722 quam
319 672 563 711 substancia.
598 673 712 711 Unde
744 673 849 721 greci
882 682 1032 711 vocant
1067 673 1279 711 materiam
1313 673 1487 723 primam

163 732 382 780 ypostasim
428 733 477 769 ab
513 743 659 783 yppos,
705 733 814 780 quod
860 740 917 768 est
959 732 1043 782 sub,
1089 740 1127 768 et
1172 732 1301 782 stasis,
1348 732 1489 779 stacio,

163 790 277 838 quasi
321 788 535 835 substacio‚
580 801 627 826 eo
660 791 768 838 quod
808 790 963 827 substat
1002 789 1190 827 omnibus
1222 790 1363 828 formis
1397 802 1487 827 eum

110 863 148 884 10
164 848 214 884 sit
246 847 423 896 primum
463 847 701 893 subiectum,
742 856 784 884 ut
818 848 914 885 dicit
946 848 1189 897 supposicio.
1244 849 1360 886 Greci
1395 861 1489 897 ergo

163 914 310 943 vocant
344 905 553 943 materiam
580 913 826 958 ypostasym
870 915 907 944 et
940 907 1113 943 formam
1147 907 1284 947 usiam.
1338 908 1490 944 Conso-

163 964 333 1001 nancius
386 976 479 1012 ergo
534 964 646 1001 latini
693 973 840 1001 vocant
888 966 1107 1009 materiam,
1161 964 1491 1015 subsistenciam;

164 1021 258 1071 quia
290 1022 472 1059 subsistit
504 1022 645 1059 formis
678 1031 721 1059 ut
753 1023 1080 1060 fundamentum.
1136 1022 1241 1060 Hinc
1274 1024 1490 1061 Commen-

164 1088 270 1118 tator
313 1090 431 1118 vocat
484 1082 693 1118 materiam
748 1080 923 1129 primam
977 1081 1284 1118 fundamentum
1336 1090 1495 1121 nature..

111 1138 355 1176 &Similiter
400 1138 665 1187 philosophus
716 1151 767 1178 10
814 1138 1099 1188 metaphysice.
1162 1141 1352 1177 Formam
1397 1152 1491 1177 vero

163 1205 309 1234 vocant
342 1198 679 1246 superstanciam,
715 1210 761 1234 eo
795 1199 902 1246 quod
935 1205 1014 1234 stat
1038 1210 1161 1246 supra
1184 1197 1408 1235 materiam.
1444 1201 1492 1236 Et

164 1256 241 1292 hoc
272 1255 438 1292 intendo
484 1256 532 1292 de
577 1256 721 1303 forma,
769 1268 845 1305 que
879 1265 937 1292 est
970 1256 1097 1293 altera
1141 1269 1235 1303 pars
1277 1256 1492 1305 compositi

164 1314 331 1351 fundata
363 1313 404 1351 in
439 1313 619 1351 materia.
661 1313 945 1363 Compositum
979 1326 1086 1361 vero,
1120 1314 1181 1351 vel
1213 1314 1343 1352 forma
1375 1316 1493 1352 abso-

165 1373 259 1418 luta,
313 1380 355 1408 ut
407 1371 691 1420 intelligencia,
750 1380 897 1409 vocant
954 1372 1189 1419 substancia,
1249 1374 1341 1421 quia
1400 1382 1492 1410 actu

109 1445 150 1467 20
166 1431 334 1468 existens
380 1432 649 1479 compositum
697 1431 771 1476 (vel
814 1429 1098 1478 intelligencia)
1144 1438 1279 1478 preter
1317 1430 1490 1480 primam

166 1497 299 1537 potest
332 1488 534 1537 suscipere
568 1490 795 1526 accidencia
819 1488 964 1538 quibus
987 1490 1150 1527 substet.
1185 1489 1302 1526 Unde
1326 1501 1492 1538 compo-

166 1547 285 1584 situm
320 1547 481 1596 proprie
515 1548 632 1584 debet
665 1546 742 1584 dici
774 1547 1135 1597 subsuperstancia;
1178 1546 1272 1595 quia
1304 1549 1491 1585 substans

167 1609 224 1644 2m
257 1618 378 1642 unam
419 1614 576 1654 partem
616 1605 784 1653 (scilicet
816 1605 1048 1653 materiam)
1087 1613 1125 1642 et
1165 1614 1399 1654 superstans
1433 1610 1491 1644 2ἴῃ

165 1663 287 1701 aliam
331 1668 444 1712 (puta
478 1664 683 1714 formam),
728 1672 766 1701 et
804 1671 932 1701 totum
970 1664 1011 1700 in
1048 1675 1090 1701 se
1129 1672 1265 1704 extans
1306 1672 1351 1701 ut
1384 1677 1493 1702 com-

107 1727 147 1760 25
166 1723 317 1771 pletum
353 1731 390 1759 et
423 1721 513 1759 finis
546 1723 764 1772 utriusque.

87 1784 118 1802 '¹³
227 1777 230 1823 l
266 1781 493 1831 Supposicio
525 1781 706 1817 secunda.
741 1782 885 1818 Forma
919 1789 979 1817 est
1012 1792 1074 1818 res
1097 1792 1168 1829 per
1192 1793 1314 1830 quam
1340 1781 1489 1830 aliquid

165 1848 223 1876 est
246 1838 472 1876 formaliter
492 1839 597 1889 quid,
624 1839 863 1876 velalicuius
884 1839 999 1886 modi,
1030 1847 1066 1875 et
1088 1847 1146 1876 est
1168 1839 1334 1888 duplex;
1362 1839 1492 1877 forma

165 1897 449 1935 substancialis
483 1906 520 1935 et
553 1897 683 1934 forma
716 1897 990 1934 accidentalis.
1029 1898 1176 1934 Forma
1208 1897 1493 1935 substancialis

166 1965 224 1993 est
258 1955 387 1993 forma
420 1968 499 2004 qua
532 1955 765 1993 substancia
797 1964 856 1993 est
878 1955 1204 1993 substancialiter
1226 1955 1266 1992 id
1288 1956 1398 2004 quod
1421 1965 1490 1994 est.

108 2022 149 2055 30
166 2017 221 2051 Ex
253 2014 329 2051 isto
363 2014 546 2063 sequitur
579 2015 688 2063 quod
721 2026 844 2051 omne
867 2013 1120 2062 designatum
1151 2026 1222 2062 per
1244 2015 1491 2051 abstractum

165 2073 384 2109 terminum
431 2072 601 2110 alicuius
646 2072 876 2110 substancie
921 2081 979 2110 est
1017 2073 1149 2109 forma
1189 2072 1490 2112 substancialis:

165 2139 207 2168 ut
239 2130 483 2175 humanitas,
517 2129 714 2180 aqueitas,
748 2130 931 2179 igneitas‚
966 2139 1003 2168 et
1035 2130 1269 2179 lapideitas;
1305 2130 1421 2168 etsie
1444 2133 1492 2168 de

167 2189 267 2228 aliis.
321 2191 446 2239 Patet,
487 2202 576 2226 cum
613 2189 794 2238 quolibet
827 2188 986 2226 illorum
1022 2190 1090 2226 dat
1121 2201 1202 2226 esse
1232 2190 1338 2239 quid,
1381 2190 1493 2227 cuius

168 2257 226 2284 est
256 2248 399 2286 forma.
433 2249 567 2284 Homo
603 2247 707 2285 enim
739 2256 797 2284 est
820 2247 917 2296 quid
941 2247 1189 2296 completum
1214 2260 1284 2295 per
1308 2248 1494 2286 humani-

111 2314 150 2349 35
167 2314 303 2351 tatem,
338 2319 428 2343 curn
463 2307 587 2343 horno
620 2305 893 2343 essencialiter
924 2307 974 2343 ab
998 2305 1248 2342 humanitate
1276 2305 1327 2343 sit
1349 2307 1493 2352 homo3

167 2365 267 2413 ignis
313 2366 362 2401 ab
408 2364 600 2413 igneitate
645 2363 768 2412 ignis3
815 2372 853 2401 et
898 2364 956 2401 sic
1001 2364 1049 2401 de
1093 2363 1181 2401 aliis
1220 2363 1361 2401 formis
1400 2366 1492 2402 sub-

166 2422 438 2462 stancialibus,
492 2424 609 2460 Unde
654 2434 698 2459 ex
742 2422 820 2460 isto
864 2431 996 2472 potest
1040 2421 1175 2459 inferri
1221 2423 1328 2471 quod
1373 2435 1493 2460 omne

166 2480 350 2530 superius
383 2489 441 2518 est
474 2481 605 2518 forma
639 2480 699 2518 sui
722 2480 937 2518 inferioris.
971 2483 1020 2518 Et
1042 2493 1125 2517 non
1147 2480 1331 2530 sequitur
1354 2481 1493 2518 exinde

165 2540 273 2589 quod
318 2539 368 2576 sit
413 2552 505 2588 pars
551 2539 635 2577 eius
680 2540 954 2588 superaddita,
1009 2550 1099 2575 cum
1145 2551 1219 2576 nec
1264 2538 1493 2577 animalitas

237 2721 264 2749 8.
286 2729 382 2757 yflpos
402 2721 472 2748 MS.

236 2794 289 2827 26.
317 2796 361 2826 At
385 2794 444 2826 the
470 2801 531 2836 top
558 2794 599 2826 of
622 2794 642 2827 f.
675 2792 763 2837 135⁵,
791 2795 819 2826 is
845 2804 863 2826 a
889 2794 986 2837 long,
1013 2804 1096 2836 very
1115 2793 1281 2836 illegible,
1308 2794 1375 2825 and
1409 2795 1492 2826 irre-

164 2842 281 2873 levant
307 2847 387 2873 note
414 2840 521 2873 about
541 2843 726 2883 peccatum
751 2843 878 2874 contra
903 2843 1087 2875 naturam.

1702 221 1772 260 171

1583 332 1617 360 of
1633 332 1655 360 it
1675 341 1708 360 as

1556 367 1731 402 dependent

1512 409 1596 438 upon
1616 401 1666 429 the
1686 401 1769 430 First

1590 444 1693 465 cause.

1518 680 1652 708 Various
1671 685 1768 708 terms

1540 715 1615 742 used
1638 716 1676 751 by
1695 715 1746 743 the

1505 749 1625 777 Greeks
1648 750 1707 777 and
1728 750 1779 778 the

1548 784 1686 812 Romans
1706 788 1737 812 to

1564 819 1723 855 designate

1526 858 1647 888 matter,
1668 854 1763 882 Form

1506 889 1566 918 and
1587 889 1780 925 compound.

1539 1784 1607 1812 The
1627 1784 1708 1812 form
1729 1784 1754 1811 is

1525 1820 1590 1848 that
1610 1820 1649 1854 by
1669 1819 1771 1847 which

1549 1854 1697 1890 anything
1717 1854 1743 1882 is

1531 1890 1597 1918 that
1616 1890 1719 1917 which
1741 1889 1762 1917 it

1523 1925 1560 1959 is,
1581 1932 1617 1952 or
1637 1932 1670 1952 as
1691 1924 1714 1952 it
1734 1924 1770 1951 is.

1539 1959 1711 1996 Humanity
1730 1959 1756 1987 is

1525 1995 1591 2023 that
1612 1995 1651 2030 by
1669 1994 1772 2034 which

1552 2038 1568 2057 a
1589 2037 1658 2057 man
1678 2038 1704 2057 is
1725 2038 1741 2057 a

1576 2073 1664 2098 man;
1686 2073 1721 2092 so

1544 2099 1705 2136 humanity
1724 2099 1749 2127 is

1545 2135 1596 2162 the
1617 2136 1698 2163 form
1719 2134 1754 2162 of

1533 2177 1622 2205 man3
1644 2170 1704 2197 and
1726 2177 1760 2197 so

1567 2209 1619 2232 too
1639 2205 1675 2233 of
1691 2204 1729 2232 all

1567 2240 1655 2267 other
1674 2239 1733 2267 like

1517 2275 1653 2303 abstract
1672 2279 1779 2303 terms.
