2067 3365
616 218 673 249 DE
701 216 1078 250 UNIVERSALIBUS.

172 324 364 361 ‘homines
409 324 448 361 in
493 324 625 372 specie
671 332 763 360 sunt
795 336 896 360 unus
936 325 1070 370 homo,
1117 325 1322 372 quomodo
1362 323 1399 359 in
1434 323 1498 361 illa

182 382 453 420 sacratissima
499 392 534 419 et
579 381 772 419 altissima
818 382 985 419 materia
1035 383 1348 430 comprehendet
1393 384 1500 430 quod

182 442 316 489 plures
360 452 531 490 persone
575 453 746 489 quarum
792 440 947 488 singula
993 452 1149 489 queque
1200 440 1399 488 perfectus
1444 449 1500 476 est

183 501 291 546 deus,
316 508 407 536 sunt
431 512 508 535 una
542 498 774 535 essencia?''
810 499 885 535 Sed
920 511 993 547 pro
1028 502 1071 537 2²¹
1099 506 1210 547 parte
1243 507 1364 546 patet.
1398 498 1499 534 Nam

151 558 345 605 §quando
390 557 456 594 ille
504 556 668 594 eximius
713 556 976 604 philosophus
1021 566 1058 593 et
1103 557 1300 605 propheta
1345 557 1500 603 Moyses

184 615 279 652 dixit
303 616 466 652 Genesis
499 615 650 664 primo:
686 614 920 651 “Producat
953 624 1058 652 terra
1092 618 1270 652 animam
1303 615 1499 651 viventem

183 674 222 710 in
250 685 393 721 genere
422 686 492 710 suo
531 682 675 710 cuncta
708 672 864 720 reptilia
900 682 935 709 et
968 673 1112 710 bestias
1145 682 1249 710 terre
1283 676 1338 708 2⁷²¹
1360 672 1502 722 species

181 732 304 768 „ruas”
338 744 419 768 non
452 731 644 769 intellexit
665 728 890 768 'terminum
916 732 976 768 vel
1001 740 1241 780 conceptum
1277 731 1499 767 humanum

183 802 252 838 per
285 802 409 838 genus
443 798 480 826 et
512 789 699 838 speciem,
734 790 803 826 sed
825 799 986 826 naturas
1011 789 1254 826 universales
1278 788 1502 826 communi-

132 857 291 891 iocatas
327 848 462 885 multis
496 847 723 896 suppositis,
759 849 806 883 Et
839 848 890 884 ita
924 857 981 884 est
1015 849 1061 884 de
1093 847 1227 885 multis
1252 847 1367 884 dictis
1391 859 1502 884 sacre

182 906 378 954 scripture
412 918 488 954 que
521 906 695 943 adiicere
729 918 850 942 causa
885 905 1088 943 brevitatis
1121 907 1305 942 obmitto.

242 963 490 1001 Corelarium
526 963 711 1000 ultimum
737 973 773 1000 et
798 965 1045 1012 responsale:
1080 966 1186 1012 quod
1212 963 1430 1008 conclusio,
1461 971 1502 999 ut

184 1023 432 1071 proponitur,
467 1031 524 1059 est
556 1035 648 1059 vera
681 1022 729 1059 ad
765 1034 846 1059 rem
881 1022 919 1059 in
953 1023 1181 1071 oppositum
1215 1032 1356 1059 nature
1391 1030 1503 1059 ante-

184 1082 344 1128 cedens;
382 1089 418 1117 et
452 1080 507 1118 sic
541 1090 598 1117 est
633 1081 720 1117 finis
755 1089 826 1118 etc.

132 1151 165 1182 15
242 1141 377 1185 Quero
411 1152 460 1176 an
493 1139 622 1187 angeli
656 1139 804 1176 babent
838 1139 1117 1188 cognicionem
1143 1152 1221 1188 qua
1256 1146 1503 1187 cognoscunt

184 1199 301 1234 deum
337 1210 407 1245 per
439 1198 591 1246 species
624 1197 698 1234 sibi
732 1198 966 1234 naturaliter
1000 1207 1233 1234 concreatas
1274 1207 1310 1234 et
1345 1197 1382 1232 in
1417 1197 1502 1244 ipso

184 1257 258 1292 deo
291 1255 424 1292 rident
469 1256 535 1293 illo
582 1257 704 1292 modo
748 1256 885 1292 omnia
918 1255 1109 1293 factibilia
1144 1265 1263 1299 extra,
1311 1267 1400 1292 cum
1435 1255 1503 1291 illo

185 1315 305 1350 modo
351 1313 390 1350 in
436 1316 713 1362 cognoscendo
760 1315 877 1350 deum
925 1314 1073 1351 habent
1112 1326 1275 1351 omnem
1310 1315 1502 1362 ydearum

184 1371 473 1420 cognicionem.
506 1372 636 1409 Aliam
672 1373 819 1409 habent
852 1371 905 1408 hii
930 1372 1207 1421 cognicionem
1234 1384 1314 1421 qua
1338 1384 1504 1420 cognos-

128 1440 330 1472 2ocuntur
364 1442 425 1467 res
458 1430 498 1467 in
532 1431 698 1479 proprio
731 1442 877 1478 genere
902 1443 970 1479 per
994 1430 1146 1479 species
1171 1430 1243 1467 sibi
1269 1429 1505 1467 naturaliter

184 1498 430 1536 concreatus,
477 1489 636 1538 qualem
685 1487 964 1537 cognicionem
1011 1490 1133 1526 homo
1179 1490 1280 1526 forte
1327 1489 1366 1525 in
1399 1497 1503 1524 statu

185 1547 417 1585 innocencie
448 1547 632 1584 similiter
667 1548 851 1588 habebat,
892 1548 995 1585 ultra
1028 1557 1161 1585 tamen
1203 1547 1403 1596 predictas
1436 1559 1505 1595 per

184 1618 321 1643 sensus
367 1618 583 1654 corporeos
628 1618 688 1642 res
741 1618 811 1654 per
864 1606 1015 1654 species
1067 1607 1269 1644 naturales
1321 1605 1505 1654 proprias

185 1664 477 1712 cognoscendo.
532 1666 608 1701 Sed
662 1677 749 1701 cum
805 1664 996 1712 peccavit,
1051 1674 1208 1702 tantum
1264 1664 1336 1701 sibi
1382 1664 1504 1701 tercia

128 1722 367 1771 25cognicio
412 1723 603 1759 remansit
647 1732 736 1771 post
781 1722 964 1771 proprias
1010 1724 1292 1760 connaturales
1338 1731 1374 1759 et
1415 1735 1506 1759 con-

186 1790 352 1826 creatas.
390 1782 442 1817 Ex
477 1791 589 1830 parte
622 1791 756 1818 autem
793 1781 926 1818 anime
958 1782 1228 1819 necessarium
1265 1791 1322 1818 est
1345 1793 1507 1817 omnem

185 1840 470 1888 intelligentem
506 1841 749 1876 fantasmata
783 1841 912 1876 aliena
935 1841 1152 1889 speculari:
1187 1841 1254 1877 sed
1284 1841 1358 1877 hoc
1382 1839 1509 1888 dupli—

188 1899 295 1934 citer.
343 1899 597 1947 Quandoque
632 1898 735 1934 enim
779 1898 1028 1946 intelligibile
1063 1898 1197 1936 virtuti
1230 1898 1418 1935 sensitive
1452 1907 1509 1934 est

189 1956 361 1993 mediate
377 1957 704 2003 subordinatumg
731 1966 772 1993 ut
795 1956 947 1993 scilicet
967 1958 1015 1994 sit
1033 1958 1209 1994 sensibili
1231 1956 1507 2004 coniunctum3

130 2026 171 2059 30
188 2016 363 2064 dumque
408 2015 595 2052 sensibile
641 2015 772 2052 sensui
817 2015 991 2052 obicitur
1037 2026 1206 2052 extunc
1247 2014 1509 2063 intelligibile.

188 2075 262 2110 Per
295 2073 467 2110 sensible
502 2074 614 2110 cuius
648 2074 867 2111 inmediate
913 2074 952 2111 in
986 2084 1075 2111 actu
1115 2076 1341 2117 reducatur,
1376 2082 1419 2110 ut
1453 2082 1510 2110 est

187 2131 226 2167 in
261 2132 511 2180 corporibus,
546 2132 680 2180 lapide
714 2141 784 2171 etc.
810 2133 874 2181 qui
899 2145 981 2169 non
1005 2133 1162 2170 videtur
1186 2134 1303 2170 oculo
1328 2131 1510 2180 corporis

187 2191 254 2227 sed
287 2190 537 2240 intelligitur;
584 2191 827 2240 quandoque
875 2204 982 2228 mere
1028 2191 1276 2240 intelligibile
1318 2203 1401 2228 non
1441 2203 1511 2238 per

186 2248 464 2286 immediatam
519 2249 692 2298 speciem
746 2249 993 2298 intelligitur,
1048 2252 1116 2287 sed
1170 2262 1238 2299 per
1294 2249 1508 2285 mediatam

129 2317 168 2350 35
186 2306 507 2354 similitudinem,
542 2317 583 2344 ut
616 2320 705 2345 cum
742 2308 1018 2356 intelliguntur
1050 2310 1251 2345 abstracta
1283 2322 1304 2344 a
1330 2307 1508 2349 materia,

186 2378 262 2414 que
296 2365 470 2415 propriis
501 2366 707 2415 speciebus
738 2366 991 2403 sensibilibus
1015 2366 1297 2403 similitudines
1322 2365 1509 2413 intelligi-

187 2423 283 2461 biles
308 2423 346 2460 in
373 2424 565 2462 mediatas
588 2425 872 2472 generantibus
905 2425 1072 2462 omnino
1107 2435 1254 2462 carent.
1291 2429 1349 2474 30¹
1375 2433 1508 2461 autem

258 2580 300 2598 12.
328 2562 409 2606 fvl‘al
433 2584 462 2595 z
486 2572 677 2599 universale?
702 2572 765 2599 MS.
845 2573 886 2599 12³.
910 2572 936 2598 in
966 2578 1050 2606 ‹wpffl
1080 2580 1091 2598 r
1120 2581 1153 2598 ne
1185 2580 1238 2598 ans
1271 2571 1333 2598 ils.
1414 2581 1454 2600 io.
1482 2571 1510 2598 b.

183 2615 241 2642 pro
275 2606 316 2634 bii
351 2604 416 2633 MS.
500 2615 545 2634 20.
581 2615 635 2642 pro
669 2606 735 2634 MS,
824 2607 870 2634 sni.
907 2607 1020 2634 realesf
1055 2606 1119 2634 MS.
1208 2607 1254 2634 30.
1290 2604 1511 2634 obiecit'ssllx.

188 2653 235 2688 157.
256 2653 409 2688 gwantibg
431 2652 496 2680 MS.

263 2703 310 2736 15.
344 2706 469 2741 Quero.
498 2703 597 2735 After
623 2702 679 2734 tbe
708 2703 836 2744 ending
862 2703 901 2734 of
916 2703 967 2735 De
984 2703 1139 2735 Malert'a
1167 2703 1210 2744 (if
1232 2702 1298 2734 this
1325 2702 1365 2734 be
1386 2703 1510 2733 indeed

188 2748 261 2781 that
293 2752 446 2789 tractate)
474 2749 572 2782 there
601 2749 741 2781 follows
769 2760 786 2780 a
814 2759 960 2791 passage
988 2748 1102 2781 which
1131 2760 1209 2792 may
1238 2749 1278 2780 be
1306 2750 1349 2791 bx·
1371 2748 1510 2791 Wyclif,

188 2797 322 2828 written
351 2797 382 2827 in
411 2796 557 2828 another
582 2796 687 2833 band,
714 2797 779 2827 and
810 2796 1020 2839 excessivelr
1050 2795 1195 2827 disticult
1219 2803 1253 2826 to
1274 2797 1365 2827 read.
1395 2795 1511 2827 lliare

189 2842 247 2874 left
275 2854 291 2874 a
319 2853 383 2886 gap
414 2843 464 2874 for
492 2854 558 2876 one
587 2843 736 2885 illegible
767 2843 878 2876 word.

1713 206 1787 258 187

1532 1683 1677 1712 Differ-cut
1701 1687 1791 1711 state*

1558 1719 1591 1746 os
1609 1718 1764 1754 cognition

1541 1754 1637 1782 eitber
1656 1753 1690 1781 os
1708 1761 1775 1781 rnen

1551 1798 1585 1817 or
1606 1789 1639 1817 ot*
1657 1788 1771 1823 angcls.
