2067 3365
201 255 291 284 CAP.
311 256 406 283 XVII·
631 258 690 290 DE
718 258 1095 290 UNIVERSALIBUS.

261 368 308 402 Et
351 365 416 402 hic
462 365 644 414 queritur
687 365 819 414 primo
851 378 926 414 que
971 378 1032 402 res
1075 365 1125 402 sit
1169 366 1236 402 illa
1281 366 1520 404 disiunctiva

202 424 418 461 existencia
440 423 599 462 illorum
620 426 789 460 duorum
807 423 1059 472 possibilium
1086 423 1238 460 scilicet
1254 425 1331 460 Sor
1345 438 1519 472 currere,

202 483 279 518 Sor
316 490 388 517 non
428 495 603 528 currere,
649 491 686 518 et
724 482 910 518 similiter
947 482 1107 518 illorum
1149 482 1330 518 omnium
1366 483 1520 519 contin-

201 539 384 587 gencium
420 553 496 588 que
527 549 696 588 possunt
730 540 907 577 existere.
961 541 1148 577 Secundo
1187 541 1368 588 queritur
1398 553 1522 590 quare

168 599 339 645 §pocius
384 598 423 634 in
468 598 538 635 tali
584 597 869 646 proposicione
908 598 1218 635 “Necessarium
1260 608 1317 636 est
1356 599 1522 648 aliquod

200 655 361 692 illorum
404 668 490 692 esse
527 656 696 693 verum’'
731 655 964 704 designatur
1003 656 1253 705 composicio
1293 657 1522 694 necessaria

200 714 317 750 huius
363 714 502 762 [modi]
549 714 657 763 quod
700 723 757 750 est
802 714 918 751 “esse
962 726 1098 751 verum
1147 715 1196 751 ad
1238 714 1521 752 disiunctivam

200 771 454 808 existenciam
503 772 710 819 illorum’'‚
753 773 848 809 dato
893 772 1001 821 quod
1044 772 1135 809 talis
1173 786 1196 810 a
1234 782 1348 822 parte
1387 775 1442 810 rei
1474 774 1523 810 sit

200 831 309 878 quod
333 831 383 866 ad
401 829 599 878 “aliquod
621 830 836 878 illorum'’;
862 843 952 867 cum
976 839 1111 867 tamen
1134 831 1522 884 perly‘ffllorum’ss

146 904 185 925 10
200 888 288 936 plus
322 896 360 924 et
392 888 656 936 principalius
689 898 797 925 recte
827 890 875 926 de
897 888 933 925 vi
956 891 1062 926 vocis
1086 889 1330 938 importetur
1358 888 1524 939 aliquod

198 945 358 982 illorum
387 959 508 994 quam
538 946 753 984 existencia
780 947 979 984 disiuncta
1006 947 1188 992 illorum;
1217 957 1254 985 et
1277 948 1332 985 ita
1354 949 1401 984 de
1423 947 1522 986 aliis.

258 1004 332 1040 Hic
364 1004 518 1041 videtur
551 1004 766 1042 dicendum
812 1007 921 1054 quod
966 1005 1170 1043 disiuncta
1207 1006 1275 1043 illa
1308 1006 1522 1043 existencia

200 1071 257 1099 est
301 1062 532 1099 indifferens
578 1063 792 1101 existencia
840 1063 1016 1104 illorum.
1068 1066 1117 1100 Et
1169 1064 1236 1101 illa
1290 1064 1522 1102 indifferens

199 1120 411 1157 existeneia
457 1121 730 1170 cuiuscunque
775 1121 936 1158 illorum
983 1130 1041 1158 est
1080 1122 1193 1159 sicud
1234 1122 1452 1160 materialis
1486 1131 1523 1159 et

146 1178 437 1227 15potencialis
482 1179 695 1216 existencia
740 1181 788 1217 ad
835 1180 1091 1217 existenciam
1138 1180 1421 1218 disiunctivam
1462 1182 1523 1218 vel

199 1239 407 1274 decentem
442 1237 719 1287 cuiuscunque
753 1238 927 1275 illorum.
962 1240 1011 1274 Et
1042 1238 1145 1275 sicut
1179 1239 1345 1276 materia
1380 1252 1522 1288 corpo-

198 1295 344 1332 ralium
378 1296 618 1333 naturaliter
650 1296 760 1345 prius
794 1305 851 1333 est
883 1296 1070 1333 informis
1103 1310 1225 1345 quam
1266 1297 1314 1334 sit
1348 1298 1523 1334 formata

199 1353 335 1402 aliqua
373 1353 504 1391 forma
544 1353 820 1404 cuiuscunque
857 1354 1012 1403 generis
1052 1355 1419 1403 predicamentaliS,
1467 1355 1523 1392 sic

198 1412 437 1449 naturaliter
469 1421 506 1449 et
538 1412 767 1450 necessario
801 1413 912 1461 prius
951 1421 1008 1450 est
1042 1413 1275 1450 indifferens
1309 1413 1523 1451 existencia

142 1469 367 1509 2oalicuius
420 1482 580 1517 eorum;
637 1480 674 1508 et
725 1470 838 1508 sicud
890 1471 1120 1508 informitas
1173 1472 1341 1509 materie
1393 1472 1524 1521 prime

200 1528 474 1576 corporalium
514 1529 742 1566 necessario
775 1529 955 1578 precedit
986 1529 1279 1567 formacionem
1315 1529 1522 1567 cuiusdam

200 1585 376 1636 materie,
408 1586 464 1623 sic
494 1587 567 1624 hec
591 1587 823 1625 differencia
848 1587 1062 1625 existencie
1084 1588 1312 1625 necessario
1344 1589 1525 1637 precedit

200 1644 516 1682 disiunccionem
556 1646 617 1683 vel
652 1645 924 1683 differenciam
965 1646 1189 1685 existencie.
1241 1649 1289 1683 Et
1321 1647 1433 1684 sicud
1468 1647 1525 1683 in—

199 1703 380 1739 formitas
413 1703 543 1752 prime
577 1704 745 1741 materie
780 1713 836 1741 est
860 1704 1037 1753 privacio
1061 1705 1322 1742 formacionis
1347 1705 1524 1742 eiusdem

141 1770 181 1803 25
201 1761 380 1812 materie,
414 1761 469 1798 sic
503 1763 575 1799 hec
607 1762 885 1800 indifferencia
909 1763 1121 1800 existencie
1144 1772 1329 1812 respectu
1363 1763 1525 1800 distinc-

199 1819 326 1856 cionis
371 1828 409 1856 et
455 1820 685 1857 differencie
729 1821 942 1858 existencie
987 1823 1037 1858 ad
1082 1821 1340 1859 existenciam
1387 1822 1525 1862 talem.

198 1878 305 1926 Ergo
360 1877 635 1915 indifferenter
692 1880 864 1916 refertur
917 1879 1177 1928 composicio,
1233 1893 1322 1917 cum
1378 1880 1526 1917 dicitur

199 1936 468 1973 “Necessario
502 1936 654 1985 aliquid
688 1937 850 1974 illorum
884 1947 943 1975 est
975 1938 1159 1975 verum’'.
1205 1939 1278 1976 Vel
1313 1938 1438 1976 eciam
1475 1940 1525 1976 ad

199 1994 469 2043 quodcunque
501 1995 663 2032 illorum
705 1996 760 2033 sic
799 1998 908 2033 nude
949 2004 1006 2032 est
1038 1998 1110 2033 sub
1142 1997 1213 2033 tali
1246 1997 1525 2035 indifferencia

141 2063 184 2094 30
200 2052 431 2102 existencie3
465 2062 502 2090 et
535 2053 590 2090 ita
624 2055 672 2090 de
704 2054 805 2093 aliis.

258 2113 312 2147 Ex
351 2111 434 2148 istis
467 2111 625 2149 videtur
669 2121 807 2160 patere
852 2112 1061 2161 responsio
1094 2114 1144 2150 ad
1177 2115 1395 2151 secundam
1431 2127 1526 2163 que-

199 2169 386 2206 stionem.
420 2172 521 2207 Nam
560 2182 650 2207 cum
684 2170 914 2208 indifferens
950 2170 1164 2208 existencia
1187 2171 1237 2208 sit
1259 2172 1370 2221 prior
1393 2172 1526 2221 requi-

78 2240 162 2277 242a
199 2227 275 2264 sita
323 2237 416 2264 ante
464 2227 704 2265 disiunctam
751 2229 920 2266 alicuius
968 2241 1107 2266 eorum
1159 2229 1413 2267 existenciam
1451 2227 1456 2283 Ι
1491 2238 1528 2266 et

198 2298 280 2322 non
325 2285 450 2334 possit
495 2299 580 2323 esse
625 2287 825 2325 disiuncta
871 2287 1039 2324 alicuius
1084 2288 1245 2325 illorum
1296 2288 1525 2332 existencia,

143 2355 181 2388 35
199 2343 273 2380 nisi
320 2343 369 2380 sit
413 2344 524 2393 prius
569 2344 801 2382 indifferens
846 2345 1073 2393 existencia,
1129 2355 1166 2382 et
1216 2360 1298 2384 non
1343 2355 1525 2384 econtra:

200 2401 320 2450 igitur
366 2404 416 2439 ad
461 2415 549 2440 eam
598 2412 635 2440 et
679 2416 759 2440 non
805 2404 855 2441 ad
888 2403 1129 2441 disiunctam
1177 2405 1433 2442 existenciam
1469 2413 1527 2442 est

201 2460 463 2509 composicio.
489 2463 605 2498 Unde
629 2471 666 2499 et
689 2462 757 2498 illa
781 2462 893 2511 signa
917 2463 1180 2511 particularia
1202 2477 1314 2512 vaga,
1343 2463 1527 2512 “aliquid

201 2517 408 2565 illorum’'‚
443 2519 639 2569 “aliquod
674 2520 955 2569 contingens'⁷‚
989 2529 1075 2568 etc„
1110 2531 1277 2570 propter
1309 2523 1384 2559 hoc
1417 2522 1526 2571 quod

200 2588 300 2625 vaga
341 2586 379 2614 et
411 2576 722 2616 indeterminata
755 2588 847 2616 sunt
880 2578 921 2615 in
953 2579 1079 2628 signo,
1121 2579 1262 2628 pocius
1296 2580 1435 2617 dicunt
1467 2579 1525 2616 in-

272 2734 300 2761 7.
322 2727 406 2754 modi
428 2727 511 2755 deest
530 2726 597 2755 MS.
674 2717 812 2767 zosipter
834 2726 900 2753 MS.
978 2725 1020 2754 16.
1043 2716 1142 2754 αεᾟῖἐ
1156 2727 1223 2755 MS.

278 2786 325 2820 16.
352 2786 546 2821 Decentem.
573 2788 737 2831 Possibly
764 2799 782 2820 a
808 2788 955 2820 mistake
982 2788 1035 2819 for
1059 2788 1289 2821 disiunctum.
1389 2789 1440 2822 31.
1462 2787 1525 2820 Re-

201 2835 357 2874 sponsio.
396 2835 445 2865 As
483 2835 493 2866 l
526 2834 615 2866 have
647 2835 750 2866 failed
783 2841 820 2866 to
852 2835 1065 2867 understand
1099 2834 1157 2866 the
1190 2835 1318 2866 second
1353 2835 1525 2876 question,

203 2879 213 2909 l
241 2879 329 2912 have
355 2881 458 2922 given
486 2892 532 2913 no
559 2882 753 2913 side-notes
780 2881 873 2914 here.

1733 266 1803 292 111

1562 379 1658 408 What
1679 381 1704 408 is
1725 381 1784 408 this

1576 415 1774 450 ‘disjunctive

1567 451 1730 478 existence'
1751 453 1786 478 of

1645 490 1706 513 two

1543 521 1810 552 contradictories,

1571 563 1655 590 upon
1676 556 1779 582 which

1537 589 1587 616 the
1606 591 1689 618 truth
1710 590 1745 617 of
1761 591 1812 617 the

1578 625 1773 660 proposition

1595 660 1755 695 depends?

1577 1019 1769 1054 Disiunctive

1579 1055 1732 1082 existence
1752 1055 1778 1081 is

1555 1090 1711 1117 existence
1730 1089 1796 1116 that

1563 1126 1589 1152 is
1609 1125 1787 1152 indifferent

1550 1258 1580 1280 to
1602 1254 1652 1280 the
1672 1252 1805 1287 subjects

1580 1289 1610 1315 in
1632 1288 1733 1315 which
1754 1289 1776 1315 it

1614 1331 1740 1357 occurs;

1549 1788 1579 1816 in
1601 1788 1711 1824 saying
1730 1789 1811 1816 ‘One

1560 1822 1595 1850 of
1611 1823 1696 1850 these
1717 1829 1800 1851 must

1576 1858 1611 1885 be
1632 1858 1720 1893 true',
1745 1865 1787 1886 we

1601 1894 1755 1929 predicate

1602 1930 1755 1957 existence

1569 1965 1717 2000 unitedly,
1739 1965 1791 1992 but

1575 1999 1785 2035 indifferently

1599 2035 1634 2061 of
1651 2035 1757 2061 either.
