2067 3365
135 926 172 947 10

135 1216 171 1239 19

130 1506 172 1527 20

130 1787 169 1819 25

124 2668 169 2698 40

188 274 279 302 CAP.
298 272 410 301 XVIII-
625 277 684 308 DE
712 275 1088 309 UNIVERSALIRUS.

190 393 227 420 et
259 383 438 420 totaliter
471 383 601 429 realis,
636 383 730 431 quia
762 383 991 431 ubicunque
1026 393 1063 420 et
1096 386 1424 433 quandocunque
1456 395 1513 422 est

188 441 445 478 inexistencia
490 441 716 489 copulativa
759 442 888 477 forme
936 442 1163 478 communis
1215 451 1396 490 respectu
1442 444 1512 479 ali-

189 512 361 548 quorum
378 499 686 547 particularium
704 511 867 535 suorum
886 499 1138 549 inferiorum,
1148 501 1208 537 vel
1224 501 1510 547 subiectorum,

187 558 248 593 vel
279 557 545 602 obiectorum,
579 557 633 593 ibi
666 569 825 605 semper
855 557 1015 594 cuilibet
1038 558 1179 594 talium
1204 558 1510 606 particularium

188 616 274 663 ipsa
306 615 437 652 forma
481 615 711 652 communis
756 614 919 652 realiter
959 615 1135 652 inexistit
1173 616 1287 653 sicud
1320 616 1510 662 inferiori,

187 674 247 710 vel
279 673 393 709 sicud
415 673 608 719 subiecto,
641 673 703 710 vel
724 672 837 710 sicud
865 673 1037 710 obiecto.
1073 676 1120 710 Et
1143 674 1256 711 sicud
1279 674 1512 711 differencia

187 733 406 768 secundum
454 732 660 768 racionem
706 740 861 768 tanturn
909 741 967 768 est
1018 744 1108 769 vere
1154 732 1386 769 differencia
1431 746 1511 770 non

187 788 321 836 realis,
375 788 543 826 minime
595 789 869 837 perceptibilis
922 803 944 826 a
989 790 1149 838 grossis,
1204 803 1354 839 ymmo,
1410 801 1446 827 et
1491 804 1513 827 a

187 847 454 896 sapientibus:
479 847 535 885 sic
559 847 686 884 forme
702 847 931 884 communis
952 848 1211 886 inexistencie
1229 853 1287 887 2¹n
1304 848 1509 885 racionem

187 915 359 953 tantum,
394 906 474 943 sive
507 907 579 942 sub
603 905 882 943 disiunccione
915 916 1072 943 tantum
1108 907 1148 943 in
1182 906 1510 956 particularibus,

189 973 247 1000 est
278 976 370 1000 vera
418 964 502 1000 eius
547 964 808 1001 inexistencia
853 977 935 1001 non
969 964 1087 1002 realis
1120 965 1160 1001 in
1199 964 1511 1013 particularibus

189 1022 356 1059 minime
389 1022 662 1070 perceptibilis
694 1032 860 1071 propter
892 1022 952 1059 sui
984 1023 1194 1059 minimam
1221 1023 1511 1062 modicitatem.

248 1082 295 1116 Et
340 1092 430 1116 cum
476 1081 544 1117 illa
597 1080 857 1118 inexistencia
900 1083 972 1117 sub
1018 1081 1294 1119 disiunccione
1339 1091 1510 1121 tantum.

187 1137 268 1174 sive
308 1142 365 1175 2m
405 1150 489 1175 rem
528 1147 699 1183 tanturn,
746 1138 795 1175 sit
833 1140 962 1176 solum
1003 1140 1115 1176 sicud
1154 1142 1373 1177 secundum
1415 1140 1510 1188 quid

157 1207 168 1215 ⁷
188 1195 448 1233 inexistencia
481 1197 610 1233 forme
650 1199 874 1234 communis
907 1197 947 1233 in
981 1197 1294 1245 particularibus
1327 1208 1510 1246 respectu

188 1254 446 1291 inexistencie
485 1254 721 1292 disiunctive
752 1256 813 1292 vel
853 1256 1093 1304 copulative,
1134 1257 1235 1293 solet
1267 1256 1359 1303 dici,
1399 1257 1510 1293 sicud

189 1312 262 1348 fuit
294 1313 478 1361 superius
517 1312 685 1363 dictum,
731 1315 840 1362 quod
878 1327 960 1350 non
998 1314 1048 1350 sit
1086 1314 1345 1351 inexistencia
1383 1315 1511 1351 forme

190 1372 418 1407 communis
451 1371 491 1407 in
523 1371 759 1420 particulari
791 1372 853 1408 vel
885 1372 1209 1420 particularibus.
1255 1374 1342 1409 Hoc
1375 1382 1508 1409 autem

188 1429 295 1466 venit
326 1438 491 1478 propter
529 1429 762 1477 grossiciem
803 1430 947 1467 mentis
981 1440 1117 1467 nostre
1157 1440 1194 1467 et
1233 1430 1316 1467 eius
1349 1432 1510 1479 depres-

189 1487 343 1524 sionem
388 1500 460 1536 per
503 1487 710 1536 ymagines
757 1489 986 1536 corporales
1020 1498 1056 1525 et
1089 1489 1334 1526 fantasmata
1367 1501 1511 1537 corpo-

187 1546 331 1581 ralium
386 1554 424 1582 et
475 1545 738 1584 sensibilium.
801 1548 970 1595 Propter
1022 1548 1090 1583 illa
1147 1547 1254 1584 enim
1308 1556 1376 1584 aut
1429 1560 1510 1584 non

187 1616 414 1652 possumus,
460 1613 527 1640 aut
560 1604 680 1641 nimis
714 1604 897 1641 debiliter
931 1618 1159 1653 possumus,
1204 1607 1510 1654 apprehendere

188 1662 296 1698 illam
342 1662 462 1699 nimis
508 1672 667 1699 tenuem
715 1662 1015 1700 inexistenciam
1071 1676 1154 1700 esse
1207 1663 1507 1700 inexistenciam

187 1721 510 1769 qualemcunque
554 1721 682 1757 forme
726 1721 951 1757 communis
996 1722 1036 1757 in
1080 1721 1403 1769 particularibus,
1462 1724 1509 1758 Et

187 1778 281 1826 quia
304 1779 553 1827 loquendum
579 1788 636 1815 est
659 1787 701 1815 ut
724 1779 872 1829 plures,
906 1780 1145 1828 sapiendum
1181 1793 1274 1817 vero
1309 1789 1350 1817 ut
1374 1781 1506 1828 pauci,

187 1836 328 1873 estimo
347 1838 457 1885 quod
479 1837 715 1885 sapiendum
742 1837 790 1873 sit
814 1839 922 1886 quod
946 1838 1186 1875 abstractiva
1210 1847 1247 1875 et
1263 1838 1508 1886 deprivativa

185 1894 394 1932 locucione
419 1895 634 1932 dicendum
660 1895 709 1931 sit
727 1896 835 1943 quod
858 1896 1114 1933 inexistencia
1138 1898 1209 1932 sub
1234 1896 1507 1933 disiunccione

185 1962 354 2004 tantum,
398 1954 458 1990 vel
492 1958 548 1991 2¹n
583 1953 786 1990 racionem
833 1963 989 1990 tantum
1035 1955 1162 1991 forme
1202 1955 1427 1991 communis
1466 1955 1505 1991 in

184 2011 496 2059 particularibus
529 2021 587 2048 est
621 2011 704 2048 eius
737 2012 994 2049 inexistencia
1028 2013 1067 2049 in
1101 2013 1248 2049 eisdem
1284 2015 1503 2050 secundum

185 2071 293 2118 quod
326 2069 532 2106 intellectu
566 2069 702 2106 divino
736 2072 938 2107 abstracta
966 2079 1056 2107 sunt
1077 2084 1098 2107 a
1123 2071 1311 2107 distincta
1337 2071 1503 2108 materia

185 2136 222 2164 et
256 2140 278 2164 a
310 2128 499 2165 distincta
531 2128 660 2164 forma
693 2141 763 2165 sue
796 2128 1138 2177 particularitatis,
1178 2129 1233 2166 ita
1267 2131 1376 2178 quod
1416 2129 1505 2166 talis

185 2185 445 2222 inexistencia
488 2194 671 2234 respectu
716 2186 826 2223 modi
871 2188 931 2224 vel
979 2187 1288 2224 circumstancie
1335 2187 1505 2224 alicuius

185 2243 311 2292 ipsius
350 2244 479 2281 forme
519 2244 747 2281 communis
776 2242 780 2296 1
809 2257 890 2281 non
924 2254 1047 2292 ponat
1087 2244 1387 2282 inexistenciam
1422 2246 1505 2282 eius

185 2302 303 2339 alicui
336 2302 570 2350 particulari
615 2302 654 2338 in
698 2315 769 2339 sua
809 2304 971 2351 propria
1009 2304 1154 2351 forma,
1200 2312 1382 2352 respectu
1415 2303 1505 2340 talis

186 2360 294 2397 modi
325 2360 386 2397 vel
419 2360 510 2397 talis
544 2360 865 2398 circumstancie.

245 2421 292 2454 Et
323 2427 432 2467 patet
465 2431 585 2467 quam
622 2418 866 2456 racionabile
906 2427 963 2456 est
1001 2419 1199 2467 triplicem
1242 2432 1325 2456 esse
1358 2432 1506 2468 suppo-

184 2475 376 2513 sicionem
420 2476 582 2513 termini
628 2477 854 2514 communis
900 2490 972 2525 pro
1018 2480 1135 2515 rebus
1180 2477 1504 2526 particularibus,

184 2534 348 2581 scilicet,
391 2534 677 2586 copulativam,
718 2535 1015 2582 disiunctivam,
1057 2545 1093 2573 et
1128 2538 1176 2572 de
1209 2535 1410 2573 disiuncto
1445 2549 1505 2572 ex-

184 2602 327 2643 tremo,
361 2605 438 2641 que
471 2592 559 2629 aliis
592 2592 823 2630 nominibus
855 2603 1069 2630 vocantur:
1111 2593 1342 2642 supposicio
1376 2593 1505 2630 distri—

185 2650 320 2687 butiva
353 2650 636 2698 determinata,
671 2660 708 2688 et
741 2652 904 2688 confuse
936 2660 1104 2689 tantum.
1147 2655 1194 2689 Et
1227 2661 1388 2700 oportet
1422 2664 1505 2689 esse

184 2708 595 2757 proporeionabiliter
646 2709 723 2746 tria
776 2710 888 2757 signa
941 2712 990 2747 ad
1044 2711 1141 2747 tales
1186 2710 1504 2759 supposiciones,

256 2908 303 2936 27.
327 2901 383 2928 sub
404 2901 616 2929 disiunccione
637 2902 724 2929 twice
744 2902 809 2929 MS.
883 2910 930 2937 41.
952 2903 1018 2930 t'ria
1038 2902 1106 2932 MS.

1727 283 1802 323 ιιι)

1567 511 1635 539 The
1656 513 1764 540 lowest

1572 547 1597 573 is
1618 548 1668 574 the
1690 549 1762 574 least

1571 583 1766 617 pei'ceptiblez

1549 1093 1606 1120 and
1631 1094 1685 1121 lias
1707 1094 1778 1121 been

1580 1128 1687 1156 denied
1711 1129 1748 1164 by

1571 1163 1675 1190 minds
1696 1165 1755 1191 that

1596 1199 1663 1226 lacit
1683 1200 1731 1226 tlie

1592 1234 1737 1269 requisite

1596 1277 1736 1297 acumen.

1562 1558 1619 1587 &Vc
1644 1570 1694 1589 are
1715 1568 1765 1590 too

1531 1594 1639 1633 deeply
1661 1599 1792 1633 plunged

1543 1638 1572 1656 111
1594 1631 1644 1657 the
1665 1641 1781 1667 senseS,

1593 1667 1652 1694 and
1674 1668 1735 1695 this

1558 1699 1703 1736 hampers
1726 1712 1770 1732 118.

1545 1734 1599 1762 13111
1622 1745 1665 1764 we
1687 1739 1782 1773 ought

1548 1774 1576 1796 to
1597 1771 1684 1799 think
1706 1774 1778 1801 with

1591 1807 1641 1833 the
1662 1808 1735 1835 wisc

1543 1841 1699 1878 minorsty,
1720 1844 1777 1870 and

1553 1876 1650 1903 admit
1671 1879 1735 1905 that
1756 1887 1770 1905 ss

1582 1911 1743 1940 Universal

1569 1946 1662 1974 Form
1684 1956 1754 1982 may

1555 1981 1660 2010 iubere
1680 1983 1710 2010 in
1731 1983 1769 2011 iis

1533 2016 1669 2048 subiects
1689 2025 1738 2053 yet
1759 2019 1786 2045 iii

1545 2060 1624 2079 none
1645 2053 1679 2079 of
1697 2053 1777 2080 them

1547 2086 1575 2113 in
1599 2089 1772 2122 paniculas.

1549 2426 1646 2454 Other
1667 2435 1773 2455 names

1548 2469 1597 2488 are
1618 2463 1774 2498 generally

1538 2496 1627 2530 given
1650 2502 1680 2524 to
1701 2498 1784 2525 these

1584 2532 1682 2559 forms
1703 2534 1737 2560 of

1548 2566 1770 2602 Supposition:

1556 2602 1759 2637 2111vtr1'lrutive,
