2067 3365
37 577 104 611 209

104 870 142 890 10

102 1151 137 1182 15

94 2029 135 2060 30

93 2319 132 2353 35

89 2622 133 2653 40

162 222 251 250 CAP.
273 222 340 250 VII·
585 226 643 257 DE
673 226 1053 259 UNIVERSALIBUS.

160 332 408 369 intellectum
447 346 530 371 esse
563 333 845 383 universalem,
891 335 960 370 sed
1000 342 1185 370 naturam
1222 334 1328 371 circa
1362 349 1483 383 quam

160 399 341 428 versatur
393 391 459 429 illa
514 392 754 433 abstraccio‚
809 394 857 428 Et
909 392 965 429 sic
1018 392 1301 429 “universale‘'
1349 394 1485 430 dicens

161 449 284 497 [dicit]
319 451 399 486 duo
432 450 566 496 simul,
600 450 753 487 scilicet
787 459 971 487 naturam
1008 463 1078 498 per
1113 452 1275 487 modum
1301 451 1484 497 subiecti.

160 516 197 544 et
230 507 358 556 ipsam
393 508 751 558 universalitatem,
797 521 874 557 que
915 518 972 545 est
1010 508 1189 545 intencio
1229 510 1344 556 loyca
1379 510 1485 547 circa

160 566 482 603 abstraccionem
519 564 523 611 1
560 569 744 614 activam,
792 566 1015 603 consistens
1060 567 1101 603 in
1146 567 1295 604 anima.
1350 570 1483 616 Ipsum

159 624 384 661 universale
417 625 472 662 sic
506 625 658 662 dictum
694 634 956 673 aggregatum
993 634 1051 662 est
1075 625 1221 673 partim
1258 625 1297 661 in
1332 626 1482 676 anima,

159 682 310 719 scilicet
345 686 403 719 2¹¹¹
429 683 787 730 universalitatem,
824 692 860 720 et
893 692 1048 732 partem
1086 692 1208 729 extra,
1243 684 1392 721 scilicet
1426 689 1483 722 2¹n

158 750 343 778 naturam
392 754 468 790 que
508 743 711 778 abstracta
751 751 830 788 est3
875 743 974 778 sicut
1012 741 1159 778 veritas
1198 742 1342 790 logica,
1389 756 1484 779 con-

158 799 302 836 sistens
347 799 453 837 circa
499 799 840 848 composicionem
887 808 924 837 et
970 799 1208 836 divisionem
1255 801 1294 837 in
1335 810 1483 848 mente,

159 857 395 895 denominat
428 860 477 895 ab
511 858 733 896 extrinseco
768 858 807 894 id
841 860 950 908 quod
990 858 1179 907 primarie
1212 871 1284 908 per
1317 872 1483 908 compo-

157 915 352 953 sicionem
386 917 446 954 vel
480 916 715 953 divisionem
750 917 911 954 dicitur.

217 977 264 1010 Et
297 977 351 1011 sic
387 979 445 1011 2¹¹³
480 976 626 1012 multos
661 976 849 1020 famosos,
883 975 996 1012 sicud
1031 978 1197 1013 materia
1220 975 1328 1012 dicta
1351 977 1480 1013 solum

156 1046 178 1070 a
211 1042 326 1082 parte
359 1033 429 1079 rei,
476 1034 596 1071 habet
629 1047 723 1080 esse,
765 1046 1024 1083 nequaquam
1060 1043 1119 1071 est
1150 1033 1320 1071 materia
1351 1034 1484 1083 prima

155 1093 264 1140 (quia
299 1095 357 1129 2m
391 1104 472 1138 eos,
519 1094 613 1128 dum
654 1093 784 1129 solum
826 1101 883 1129 est
917 1105 938 1129 a
971 1101 1086 1140 parte
1120 1092 1189 1137 rei,
1223 1105 1483 1142 nequaquam

155 1159 213 1186 est
245 1158 429 1198 separata
463 1163 482 1186 a
518 1150 858 1199 disposicionibus
892 1151 1018 1187 eciam
1044 1151 1380 1197 accidentalibus3
1415 1154 1482 1188 sed

155 1210 247 1245 dum
284 1221 354 1256 per
387 1208 634 1245 intellectum
670 1209 709 1245 in
744 1210 819 1245 hoc
843 1208 1093 1246 subtiliorem
1118 1222 1239 1258 quam
1265 1209 1314 1245 sit
1338 1218 1483 1247 natura

155 1266 402 1303 abstrahitur
426 1275 462 1303 et
486 1267 730 1315 deprivatur,
766 1281 847 1304 non
879 1267 1039 1304 realiter
1063 1269 1130 1303 sed
1156 1267 1483 1305 intencionaliter

155 1327 204 1362 ab
228 1325 339 1362 omni
364 1325 494 1362 forma
517 1325 758 1362 accidentali
783 1334 820 1362 et
845 1326 971 1362 eciam
997 1326 1259 1362 substanciali
1283 1335 1480 1374 quantum

154 1392 296 1420 neutra
336 1392 393 1420 est
433 1384 480 1420 de
519 1386 600 1420 eius
641 1396 752 1420 mera
790 1383 954 1420 racione
994 1384 1218 1428 essenciali,
1260 1393 1354 1420 tunc
1394 1383 1481 1433 ipsa

154 1451 212 1479 est
246 1441 415 1478 materia
448 1441 613 1490 prima):
654 1441 711 1479 sic
750 1442 877 1479 eciam
912 1441 1050 1478 dicunt
1083 1444 1191 1491 quod
1232 1455 1304 1479 nec
1337 1451 1481 1480 natura

153 1500 340 1547 hominis,
394 1513 468 1537 nec
511 1500 626 1547 asini,
678 1513 751 1537 nec
804 1502 1079 1549 cuiuscunque
1132 1510 1328 1548 creature,
1383 1503 1477 1538 dum

153 1559 283 1596 solum
313 1560 433 1596 habet
466 1571 547 1596 esse
579 1572 601 1596 a
635 1568 750 1607 parte
784 1568 928 1595 nature
962 1568 999 1595 et
1039 1560 1093 1596 rei
1126 1572 1383 1608 nequaquam
1421 1569 1479 1596 est

153 1617 398 1668 universalis,
443 1617 536 1666 quia
582 1619 636 1655 sic
679 1631 761 1654 non
807 1618 927 1654 habet
968 1618 1137 1654 existere
1174 1626 1405 1666 separatum
1443 1627 1479 1655 et

153 1678 395 1724 depuratum
436 1677 485 1713 ab
519 1675 731 1712 individuis
766 1675 1085 1722 condicionibus,
1128 1677 1195 1712 sed
1232 1678 1327 1712 dum
1363 1676 1479 1713 intel-

119 1735 278 1771 :lectus
311 1743 452 1772 nature
486 1734 683 1771 abstrahit
717 1747 782 1771 eas
816 1747 837 1771 a
862 1734 1169 1771 condicionibus
1194 1734 1479 1771 individuanti-

152 1794 236 1844 bus,
268 1801 365 1830 tunc
398 1794 519 1829 habet
552 1805 634 1830 esse
657 1794 905 1830 abstractum
932 1802 968 1830 et
992 1805 1073 1830 6336
1097 1793 1135 1830 in
1160 1793 1318 1843 divinis,
1350 1793 1479 1830 inten-

152 1851 372 1900 cionaliter‚
411 1864 491 1888 non
531 1851 693 1888 realiter
727 1865 749 1888 a
783 1860 897 1899 parte
930 1851 1005 1897 rei3
1052 1860 1089 1888 et
1121 1851 1177 1888 sic
1210 1864 1292 1888 esse
1324 1851 1479 1889 univer-

152 1911 246 1947 sale.
282 1912 328 1947 Et
355 1923 426 1959 per
449 1922 699 1959 consequens
722 1909 950 1947 intellectus
974 1923 1044 1958 per
1067 1909 1126 1946 sui
1160 1911 1477 1947 abstraccionem

151 1968 321 2005 fabricat
343 1968 685 2006 universalitatem
710 1968 749 2004 in
772 1970 890 2005 rebus
912 1981 989 2017 que
1011 1968 1201 2004 dicuntur
1222 1968 1477 2005 universalia.

210 2029 400 2072 Quamvis
445 2035 580 2063 autem
620 2039 758 2063 verum
805 2026 854 2064 sit
900 2028 1008 2075 quod
1055 2036 1212 2063 creatus
1252 2026 1477 2064 intellectus

151 2085 321 2122 fabricat
354 2086 474 2122 talem
516 2084 859 2122 universalitatem
895 2085 1000 2122 circa
1033 2097 1095 2122 res
1129 2098 1199 2133 per
1233 2084 1405 2122 activam
1440 2095 1478 2122 et

150 2143 462 2181 intencionalem
486 2156 600 2180 suam
625 2145 943 2180 abstraccionem
968 2152 1112 2180 nature
1136 2156 1157 2180 a
1175 2143 1478 2181 condicionibus

150 2201 361 2248 individui,
414 2201 527 2239 sicud
581 2211 740 2239 creatus
794 2201 1023 2239 intellectus
1076 2214 1147 2250 per
1199 2202 1259 2238 sui
1305 2202 1475 2239 activam

150 2260 493 2309 composicionem
527 2269 595 2297 aut
627 2260 866 2297 divisionem
901 2260 1069 2297 fabricat
1102 2273 1239 2297 verum
1273 2273 1343 2297 seu
1375 2261 1476 2297 veri-

150 2327 274 2355 tatem
308 2318 480 2367 logicam
516 2318 846 2355 denominantem
893 2328 1028 2355 autem
1076 2320 1124 2356 ab
1169 2318 1391 2356 intrinseco
1425 2321 1475 2355 ad

149 2379 257 2426 quod
316 2376 510 2426 primarie
569 2389 640 2425 per
702 2377 1048 2426 composicionem
1113 2378 1173 2414 vel
1235 2377 1473 2414 divisionem

150 2435 315 2483 dicitur;
350 2445 387 2472 et
420 2435 476 2472 sic
508 2436 734 2472 intellectus
768 2435 860 2472 dicit
893 2445 988 2472 tunc
1021 2448 1173 2482 verum,
1209 2435 1247 2471 id
1282 2444 1353 2480 est,
1389 2449 1473 2472 rem

149 2494 340 2542 primarie
373 2493 640 2543 significatam
675 2507 746 2542 per
778 2493 1121 2542 composicionem
1154 2495 1213 2530 vel
1238 2493 1473 2531 divisionem

149 2565 225 2601 que
270 2552 413 2589 dicitur
445 2565 583 2590 verum
618 2553 679 2589 vel
711 2552 857 2590 veritas
890 2552 1042 2601 logica3
1092 2561 1128 2588 et
1167 2554 1220 2588 sic
1255 2556 1313 2590 ΖΓΗ
1347 2554 1474 2600 philo-

148 2612 320 2660 sophum
346 2620 382 2647 et
408 2611 554 2647 multos
577 2610 677 2647 alios
701 2611 965 2648 “Universale
989 2619 1046 2648 est
1068 2612 1161 2647 dum
1188 2610 1473 2659 intelligitur’',

219 2816 247 2845 3.
269 2817 343 2845 dicit
363 2817 446 2845 deest
466 2817 532 2846 MS.
620 2825 663 2845 12.
685 2817 798 2845 dicitur
816 2817 883 2845 MS.
969 2825 1016 2851 24.
1039 2807 1274 2851 depu‘atfns.
1358 2825 1407 2851 40.
1429 2817 1473 2844 in-

149 2852 326 2888 telliguntur
345 2852 411 2881 MS.

1724 232 1774 272 37

1526 344 1558 376 it,
1581 353 1616 372 01·
1635 345 1683 372 fot·
1704 345 1753 372 the

1513 379 1643 407 intellect
1665 380 1764 407 which

1590 415 1615 441 is
1637 419 1690 442 not

1552 449 1726 477 Universal.

1594 484 1683 511 Thus

1564 519 1725 547 Universal

1522 562 1628 581 means
1650 555 1723 581 both
1744 563 1761 581 a

1524 593 1633 616 nature
1655 589 1756 616 which

1530 625 1556 651 is
1577 624 1664 655 such,
1687 624 1746 651 and

1556 660 1606 686 the
1627 664 1673 686 act
1692 660 1727 686 ot'

1543 694 1733 721 abstraction

1535 728 1636 756 which
1657 729 1742 756 takes

1535 764 1620 799 place
1640 764 1670 791 in
1691 764 1741 791 the

1591 799 1688 827 mind.

1551 974 1678 1009 Tlicory
1698 975 1732 1002 of

1511 1010 1599 1036 those
1621 1010 1690 1037 who
1714 1019 1767 1046 say

1509 1045 1572 1072 that
1593 1053 1626 1071 as
1648 1050 1768 1080 matter,

1570 1080 1595 1106 if
1613 1079 1635 1106 it
1657 1080 1711 1107 lias

1544 1115 1737 1142 determined

1534 1149 1690 1177 existence
1711 1151 1740 1177 in

1499 1192 1558 1220 any
1569 1193 1646 1220 way,
1663 1189 1777 1212 cannot

1518 1221 1552 1246 be
1573 1220 1757 1254 primordia!

1499 1258 1619 1287 matter,
1643 1255 1695 1282 but
1717 1255 1776 1282 this

1498 1290 1774 1318 indetermination

1526 1332 1653 1351 accrues
1675 1330 1704 1352 ιο
1725 1326 1747 1352 it

1526 1359 1607 1386 from
1630 1361 1743 1387 mental

1532 1395 1736 1429 abstraction3

1543 1507 1577 1525 so
1599 1507 1614 1525 a
1634 1499 1724 1534 given

1522 1533 1613 1568 being
1633 1539 1747 1562 cannot

1597 1570 1672 1595 nave

1508 1603 1710 1640 universalily
1730 1605 1759 1631 in

1504 1638 1595 1673 itselt,
1619 1639 1672 1666 bnt
1691 1640 1765 1676 only

1527 1673 1564 1709 by
1585 1682 1692 1701 means
1712 1675 1746 1702 of

1558 1708 1607 1735 the
1629 1717 1713 1736 same

1513 1744 1624 1771 mental
1644 1744 1760 1780 faculty

1509 1779 1543 1806 of
1559 1779 1759 1807 abstraction.

1514 2033 1581 2072 l-Btit,
1604 2035 1752 2068 although

1513 2073 1536 2096 it
1557 2070 1582 2096 is
1603 2074 1669 2097 true
1688 2071 1753 2098 that

1523 2112 1568 2131 we
1589 2107 1668 2131 form
1690 2106 1740 2133 tlic

1525 2139 1687 2167 Universal
1710 2142 1738 2167 in

1510 2182 1567 2201 our
1588 2175 1692 2202 minds
1715 2176 1752 2212 by

1545 2217 1602 2236 our
1620 2215 1667 2237 act
1688 2211 1723 2237 of

1531 2244 1732 2279 abstraction,
