2067 3365
251 259 302 290 02
980 256 1208 289 JoHANle
1236 254 1434 288 WYCLlF.
1726 252 1818 282 CAl’.
1838 251 1876 282 X.

543 365 637 411 suis,
681 378 773 402 cum
808 366 955 402 habeat
988 378 1070 402 non
1105 364 1304 414 privatum
1345 377 1427 401 8338
1465 364 1577 400 sicud
1610 363 1877 408 individuum,

543 426 613 462 sed
646 423 855 473 publicum
896 433 932 461 et
964 433 1119 473 aptum.
1173 423 1336 472 Species
1369 431 1503 460 autem
1539 423 1733 460 habentes
1765 423 1805 460 in
1837 435 1879 460 se

543 496 669 532 genus
711 482 924 531 predicant
956 484 1032 520 hoc
1065 495 1159 528 8338,
1205 481 1363 531 publice
1415 480 1553 518 dicunt
1586 490 1623 518 et
1662 483 1881 518 ostendunt

542 543 672 591 ipsum
727 543 774 578 de
826 541 965 590 seipsis
1017 541 1128 578 sicud
1191 540 1449 577 materiatum
1504 549 1542 577 et
1594 540 1880 579 subiectatum.

544 600 683 637 Eciam
729 602 827 637 deus
866 600 1050 649 predicat
1095 612 1221 648 genus
1261 601 1309 635 de
1343 599 1424 636 suis
1464 598 1686 648 speciebus.
1740 598 1913 639 Eciamf,

543 672 615 696 nos
669 659 927 707 predicamus
980 671 1107 708 genus
1161 659 1210 694 de
1263 657 1343 695 suis
1389 657 1620 706 speciebus;
1675 666 1712 694 et
1757 666 1878 703 recte,

545 717 848 766 compendiose,
883 727 919 754 et
953 717 1202 754 sufficienter
1232 716 1318 753 sine
1351 716 1464 765 briga
1488 717 1639 753 dictum
1664 725 1735 764 est,
1770 717 1879 765 quod

543 789 666 824 genus
700 776 932 825 predicatur
965 778 1014 812 de
1046 776 1228 824 pluribus
1269 774 1546 812 differentibus
1579 774 1712 824 specie
1744 775 1801 811 ‘in
1834 787 1880 811 eo

544 837 654 885 quod
699 834 796 884 quid
830 835 902 872 est’
944 847 1018 872 nec
1057 842 1219 883 oportet
1258 833 1411 883 aliquid
1457 833 1564 880 addi,
1611 833 1773 882 deponi,
1821 833 1882 870 vel

544 892 705 939 variari,
741 894 791 930 ad
825 893 1108 942 corrigendum
1142 893 1254 930 illam
1288 892 1625 941 descripcionem.
1901 909 1941 932 10

250 960 331 988 Note
352 960 417 988 that
438 968 529 996 every
604 954 653 988 Et
691 951 852 988 videtur
898 952 1006 1001 quod
1051 964 1175 1000 genus
1220 960 1409 1000 oporteat
1454 952 1615 998 habere,
1660 950 1754 987 licet
1799 962 1882 987 non

264 1004 362 1058 ’Ξῗζϊῗζ
380 1000 517 1059 ζῗῐῃυζίοὲξ
545 1010 676 1054 simul,
716 1023 858 1047 omnes
898 1023 990 1048 suas
1030 1010 1185 1059 species
1224 1009 1447 1058 possibiles,
1501 1011 1605 1046 Nam
1645 1009 1677 1046 si
1717 1008 1882 1058 aliquod

268 1066 515 1137 0{{¹Sespc¹jsasvi{¹2¹¹
544 1068 896 1117 generalissimum
939 1068 944 1122 1
986 1078 1095 1106 caret
1148 1082 1171 1106 a
1223 1068 1423 1117 principio
1479 1067 1619 1105 mundi
1671 1080 1797 1116 usque
1841 1067 1882 1103 in
1929 1075 2010 1108 220¹³

303 1137 482 1176 speciesin'
545 1137 725 1164 eternum
773 1140 1013 1177 quacunque
1058 1140 1130 1164 sua
1175 1127 1310 1176 specie
1354 1126 1550 1176 possibili,
1602 1139 1693 1164 cum
1728 1125 1882 1175 species

250 1171 529 1242 Πξξῐῗξθᾷζξῇἷάιὲἓ
544 1186 624 1223 sint
657 1186 771 1223 sicud
804 1196 939 1235 partes
973 1187 1163 1223 formales
1196 1186 1319 1234 ipsius
1353 1185 1522 1234 generis,
1556 1185 1764 1222 individua
1786 1197 1881 1222 vero
1902 1194 1939 1227 15

268 1242 510 1314 Πζξὲῑὲῗὲἰῆθῗέἀ
544 1247 657 1282 sicud
690 1254 824 1294 partes
858 1245 1101 1290 materiales,
1153 1244 1233 1282 iam
1276 1253 1373 1281 tunc
1412 1245 1492 1282 tale
1532 1243 1880 1293 generalissimum

484 1301 490 1307 “
544 1313 602 1341 est
634 1305 838 1351 colobum,
871 1304 986 1341 sicud
1020 1316 1166 1353 corpus
1196 1303 1342 1353 aliquis
1366 1316 1506 1341 carens
1530 1303 1664 1352 aliqua
1686 1302 1748 1339 sui
1771 1311 1883 1351 parte

544 1362 718 1400 formali.
761 1365 810 1399 Et
843 1363 937 1400 licet
969 1371 1061 1412 post
1092 1363 1199 1399 diem
1234 1361 1373 1399 iudicii
1408 1363 1530 1399 multe
1563 1362 1718 1411 species
1749 1374 1881 1398 rerum

542 1435 626 1459 non
666 1431 793 1468 erunt,
839 1422 915 1459 nisi
954 1421 1045 1471 quis
1078 1420 1220 1458 dixerit
1254 1434 1399 1470 corpus
1433 1423 1658 1458 humanum
1692 1433 1737 1458 ex
1769 1420 1882 1457 omni

542 1480 675 1530 specie
708 1481 839 1518 carnis
872 1480 1043 1518 animati
1076 1493 1157 1518 non
1189 1480 1357 1518 humani
1381 1480 1575 1529 componi
1598 1488 1810 1529 perpetuo,
1846 1487 1883 1516 et
1899 1498 1942 1519 20

284 1549 356 1577 And
378 1550 497 1589 though
542 1540 599 1576 sic
644 1540 685 1576 in
731 1553 778 1577 eo
824 1540 970 1577 salvari
1016 1541 1190 1588 speciem
1237 1540 1363 1576 leonis
1402 1540 1625 1576 secundum
1668 1538 1881 1575 minimum

272 1593 510 1648 Ξῑῗῖῑζξῖρξξξξῗ
543 1598 601 1636 sui
635 1599 834 1647 naturale,
874 1598 1052 1647 speciem
1087 1599 1189 1647 equi,
1233 1607 1270 1635 et
1303 1598 1360 1635 sic
1394 1600 1442 1635 de
1476 1598 1565 1635 aliis
1599 1597 1765 1646 singulis
1798 1598 1882 1634 ani-

290 1655 475 1728 Dooassgfiay
542 1657 717 1695 malibus
757 1665 795 1694 et
834 1658 982 1706 plantis
1023 1658 1149 1706 (quod
1181 1665 1319 1694 tamen
1351 1670 1435 1695 non
1467 1657 1627 1694 videtur
1659 1669 1798 1694 verum
1833 1657 1882 1692 de

478 1713 484 1726 '
541 1716 626 1753 istis
659 1729 733 1753 nec
766 1718 814 1753 de
849 1725 934 1753 cete
962 1716 1210 1765 grandibus),
1245 1716 1312 1752 ubi
1336 1716 1438 1753 forte
1463 1716 1674 1753 minimum
1699 1715 1882 1752 naturale

542 1784 601 1812 est
662 1786 756 1812 ante
817 1776 880 1812 vel
940 1775 1117 1824 amplius
1169 1774 1211 1811 in
1263 1775 1502 1824 quantitate,
1566 1774 1680 1812 sicud
1733 1782 1938 1823 corpus23

542 1835 766 1871 humanum
801 1834 1013 1883 supposito
1047 1835 1155 1883 quod
1190 1835 1316 1871 multe
1348 1834 1448 1871 tales
1481 1833 1635 1883 species
1658 1846 1740 1870 non
1764 1842 1881 1870 erunt

263 1902 335 1942 they
354 1904 416 1931 wil}
438 1903 515 1932 have
542 1902 632 1942 post
655 1892 793 1930 iudicii
817 1894 942 1940 diem3
976 1901 1115 1931 tamen
1139 1893 1284 1939 adhuc,
1319 1894 1484 1942 quando
1513 1901 1674 1942 oportet
1697 1901 1881 1941 tempore

267 1939 513 2010 &Effltte‘tjin‘ssss't'gg
541 1965 614 1989 suo
647 1953 796 1989 habere
829 1965 953 2000 genus
987 1952 1163 2001 speciem
1198 1951 1392 2001 aliquam,
1424 1960 1522 1989 tunc
1555 1965 1644 1989 eam
1675 1952 1809 1998 habet,
1844 1960 1882 1988 et

247 2011 617 2080 gentffitweiiffiyavehoc
662 2010 811 2048 sufficit
856 2012 907 2048 ad
952 2011 1175 2060 perfectum
1222 2020 1259 2048 et
1308 2011 1558 2060 completum
1592 2023 1675 2048 esse
1706 2010 1878 2060 generis,

260 2080 299 2108 all
320 2080 360 2107 its
381 2080 511 2116 species.
541 2070 597 2107 sie
643 2069 750 2107 enim
795 2078 923 2107 totum
969 2079 1128 2119 tempus
1175 2069 1316 2107 mundi
1350 2078 1409 2106 est
1441 2071 1663 2119 perfeetum
1700 2078 1737 2106 et
1771 2082 1879 2107 com·
1897 2075 1939 2109 30

541 2129 706 2180 pletum,
739 2138 777 2166 et
808 2137 946 2166 tamen
979 2128 1020 2165 in
1052 2129 1163 2165 nullo
1197 2128 1261 2165 die
1293 2141 1367 2166 nec
1401 2129 1441 2165 in
1471 2129 1607 2178 aliqua
1636 2130 1736 2165 hora
1760 2129 1880 2165 habet

539 2196 695 2225 tantum
730 2188 780 2224 de
811 2196 998 2236 tempore
1031 2196 1226 2237 quantum
1264 2189 1336 2224 sibi
1369 2189 1420 2224 ad
1453 2200 1535 2225 esse
1566 2189 1690 2225 deest.

273 2258 321 2297 ,Α
340 2266 438 2294 genus
458 2257 486 2285 is
601 2249 649 2283 Et
699 2259 825 2295 genus
879 2248 981 2283 bene
1034 2255 1073 2283 et
1124 2247 1371 2284 sufficienter
1425 2246 1614 2284 dividitur
1663 2247 1704 2283 in
1755 2258 1878 2295 genus

253 2293 351 2320 esther
369 2293 418 2321 the
438 2299 521 2320 most
542 2305 892 2354 generalissimum
928 2314 966 2342 et
999 2318 1123 2354 genus
1157 2305 1449 2342 subalternum.

264 2329 388 2363 general
409 2329 443 2356 of
460 2328 510 2362 all,

247 2364 516 2426 Ῐὲΐςὶῐῐξὲῑῖξέξὲῐῗῒ
600 2367 649 2401 Et
701 2363 856 2413 species
910 2373 967 2400 est
1020 2364 1246 2401 universale
1299 2363 1546 2413 predicabile
1598 2365 1648 2401 de
1693 2362 1876 2413 pluribus
1894 2369 1934 2403 35

301 2419 429 2469 Species
449 2434 475 2461 is
521 2421 712 2459 'numero
747 2422 1025 2460 differentibus
1070 2422 1110 2459 in
1152 2436 1198 2459 eo
1233 2426 1341 2472 quod
1374 2423 1473 2472 quid
1506 2431 1563 2460 est
1595 2422 1770 2471 positum
1806 2424 1877 2460 sub

275 2470 507 2540 Εδξζῇᾞζῇὲῗᾰος
541 2494 705 2531 genere3
739 2491 777 2518 et
811 2482 1132 2531 (quodammodo
1166 2481 1373 2530 equivoce)
1410 2482 1563 2531 species
1602 2490 1660 2519 est
1700 2481 1877 2530 quiditas

255 2540 455 2602 ἰῐῃῐῑοὶιῐῖιὲξθὲὴῇξ
475 2548 525 2602 ᾓῐὶἓ
542 2549 583 2577 ut
617 2553 688 2589 per
720 2553 761 2576 se
794 2548 904 2577 stans
936 2541 975 2577 in
1010 2540 1285 2577 differentibus
1319 2553 1504 2587 numero,
1538 2552 1662 2589 genus
1690 2553 1785 2577 vero
1819 2549 1877 2577 est

290 2617 491 2649 same-genus
541 2598 719 2648 quiditas
742 2607 786 2635 ut
809 2600 1000 2636 substans
1023 2598 1063 2635 in
1087 2599 1365 2637 differentibus
1394 2599 1546 2649 specie3
1582 2608 1632 2646 et,
1666 2599 1877 2636 limitando

247 2645 472 2715 ω’ἀηῗίῐῗξῗεέῗ
494 2649 525 2672 “³

540 2776 725 2840 ηήςρλῆμω·
742 2770 809 2799 MS.
886 2778 930 2807 17.
945 2760 1098 2799 εοΙοὶἶιῨοῖ
1107 2771 1175 2800 MS.
1251 2780 1299 2807 24.
1317 2772 1420 2800 decete
1434 2773 1595 2809 gra'dibus
1606 2773 1674 2802 MS.
1749 2771 1798 2801 32.
1812 2772 1876 2800 det⁰

617 2866 665 2897 ¹7·
695 2856 875 2891 Colobum.
915 2856 925 2887 Ι
958 2856 1049 2889 have
1082 2857 1295 2890 substituted
1328 2857 1396 2889 this
1426 2858 1525 2890 word
1553 2858 1704 2891 because
1731 2858 1755 2890 it
1781 2859 1810 2889 is
1836 2865 1872 2890 to

541 2902 582 2934 be
611 2902 719 2934 found
748 2904 781 2934 in
811 2904 863 2934 Du
892 2904 1021 2947 Gange,
1051 2904 1168 2936 whilst
1194 2904 1252 2936 the
1279 2905 1380 2937 other
1405 2906 1432 2936 is
1461 2912 1532 2939 not.
