2067 3365
146 256 236 285 CAP.
258 256 309 283 xr
577 259 637 290 DE
663 257 1044 290 UNIVERSALIBUS.
1713 250 1764 300 67

148 364 380 401 differencia
426 364 540 413 quasi
592 363 786 411 formalis,
841 363 1092 401 constituens
1138 363 1253 413 quasi
1299 363 1475 413 speciem

147 423 360 459 formalem
401 422 676 471 appropriate,
724 421 912 459 convenit
947 421 1067 459 alicui
1099 421 1324 470 specierum
1359 422 1475 472 quasi

150 480 418 518 materialium
450 493 531 517 non
564 480 838 529 appropriate.

206 540 284 576 Sed
318 541 425 588 quod
460 538 540 575 iam
575 538 727 575 dictum
761 551 844 575 non
876 539 1020 586 probet
1050 537 1251 575 intentum
1275 539 1383 587 quod
1406 550 1478 587 per
1547 548 1605 582 But
1625 549 1711 576 these

115 597 247 633 §illud
280 597 371 646 quis
404 597 520 634 vellet
552 596 608 633 sic
641 596 881 634 ostenditur.
934 598 1051 643 Nam,
1085 604 1202 644 capto
1235 609 1477 645 quocunque
1494 588 1771 646 baggsqffifvnntstgage

148 667 293 704 genere
332 654 637 704 generalissimo
675 655 737 691 vel
781 655 1025 699 subalterno,
1071 663 1108 691 et
1153 654 1330 692 admisso
1370 656 1478 704 quod
1545 654 1719 681 worthless.

148 715 294 750 habeat
354 713 554 762 duplicem
616 714 736 750 talem
801 712 1041 750 divisionem
1104 712 1371 750 inmediatum
1436 713 1477 749 in

149 780 324 820 quatuor
369 771 536 820 species,
583 780 680 819 puta
728 784 750 808 a
784 773 807 808 b
855 783 898 808 ex
942 770 1133 820 opposito
1167 779 1205 808 et
1249 771 1289 808 in
1323 784 1342 808 c
1376 773 1400 807 d
1434 783 1478 808 ex
1504 771 1683 834 15⁰5?th
1704 770 1739 798 of

149 829 353 881 opposito,
387 839 482 867 tunc
516 838 677 878 oportet
710 842 833 867 unam
868 831 917 866 de
949 829 1137 867 secundis
1159 829 1370 878 speciebus
1394 841 1477 866 esse
1533 815 1565 868 ien
1586 814 1756 877 ἐυὲζιεῑῐὲῗιεε

95 890 222 925 xosub
270 888 447 937 aliquam
493 889 541 925 de
585 887 728 936 primis
770 887 998 937 speciebus;
1045 896 1083 924 et
1123 896 1284 925 econtra
1316 876 1770 948 oportetxfl‘i'ffienflfggg‘ssffiss

150 946 328 995 aliquam
363 947 412 983 de
444 945 587 995 primis
621 947 775 983 duabus
809 959 894 984 esse
927 947 1000 983 sub
1040 945 1178 995 aliqua
1210 948 1259 983 de
1291 946 1476 984 secundis
1505 947 1759 1009 formfi'ahgenus

150 1006 318 1052 duabus,
353 1013 391 1042 et
422 1018 544 1042 unam
578 1005 626 1041 de
658 1004 800 1053 primis
834 1006 991 1042 duabus
1023 1003 1308 1042 universaliter
1339 1004 1477 1053 negari
1508 990 1705 1045 detffrnlicinelds
1721 1017 1761 1053 by

150 1064 199 1100 de
230 1076 311 1100 una
343 1063 479 1112 aliqua
516 1064 800 1110 secundarum,
841 1072 878 1100 et
917 1071 1093 1101 econtra.
1149 1064 1238 1100 Hoc
1268 1076 1475 1112 nunquam
1511 1053 1753 1115 difigfeffctgegnd

150 1130 283 1170 potest
306 1122 444 1159 fallere
477 1121 509 1159 si
542 1121 671 1159 diccio
704 1121 918 1171 utrobique
951 1122 1070 1158 fuerit
1101 1121 1337 1169 inmediata,
1370 1130 1414 1158 ut
1437 1121 1478 1158 in
1544 1122 1725 1162 becomesa

96 1184 133 1216 15
149 1192 230 1217 uno
265 1181 447 1228 exemplo
480 1180 559 1217 sint
591 1180 657 1216 ille
688 1180 893 1217 diceiones
926 1178 1147 1217 inmediate
1177 1189 1214 1217 et
1238 1179 1477 1217 essenciales
1506 1166 1759 1221 Tlnigexizlgsfiave

151 1238 406 1286 quantitatis:
453 1238 495 1275 in
539 1238 761 1275 continuam
795 1238 1064 1287 quantitatem
1108 1247 1146 1275 et
1185 1239 1392 1275 discretam
1434 1250 1478 1275 ex
1528 1228 1740 1290 dieiedffiniffio

151 1296 353 1345 opposito.
389 1298 501 1343 Item,
537 1298 567 1333 si
600 1296 640 1333 in
674 1296 971 1345 quantitatibus
995 1297 1222 1333 habentibus
1240 1296 1477 1347 posicionem
1524 1304 1539 1324 2
1561 1298 1682 1360 5ιῖῗὲᾆῶ
1703 1299 1743 1334 by

30 1345 111 1378 22²b
150 1354 192 1391 in
236 1355 417 1403 partibus
458 1364 495 1392 et
534 1355 801 1403 quantitatem
831 1356 836 1404 Ι
863 1355 945 1392 sine
971 1355 1170 1404 posicione
1200 1356 1240 1392 in
1273 1354 1478 1403 partibus3
1505 1340 1760 1408 onzqtrteaeiecqce,

150 1422 246 1450 tunc
279 1413 485 1462 quantitas
518 1413 694 1450 discreta
731 1413 1013 1451 universaliter
1052 1413 1167 1450 sicud
1200 1414 1351 1462 species
1385 1425 1480 1450 con·
1568 1403 1706 1431 d1v1ded.

94 1485 135 1506 20
150 1471 298 1509 tinetur
329 1473 402 1509 sub
436 1472 495 1522 4ta
528 1471 673 1521 specie,
707 1471 859 1509 scilicet
891 1471 1121 1521 quantitate
1153 1470 1241 1509 sine
1273 1470 1481 1520 posicione

149 1531 190 1567 in
234 1529 428 1579 partibus.
482 1532 531 1567 Et
574 1534 619 1581 3³
667 1530 834 1579 species,
885 1530 1037 1568 scilicet
1081 1529 1286 1579 quantitas
1328 1531 1481 1566 habens

150 1587 403 1637 posicionem
456 1588 498 1625 in
550 1588 746 1637 partibus,
800 1589 1080 1626 universaliter
1130 1588 1359 1625 continetur
1408 1589 1481 1624 sub

150 1646 283 1695 prima
305 1646 449 1698 specie,
481 1646 633 1684 scilicet
656 1646 926 1696 quantitatem
951 1646 1198 1685 continuam.
1234 1649 1282 1683 Et
1305 1647 1481 1683 secunda

150 1714 188 1742 et
227 1709 272 1755 3³
313 1705 480 1755 species,
527 1705 677 1743 scilicet
722 1705 928 1755 quantitas
975 1706 1148 1743 discreta
1194 1714 1231 1743 et
1277 1704 1481 1754 quantitas

91 1766 131 1801 25
150 1765 302 1801 habens
356 1763 609 1813 posicionem
671 1763 712 1800 in
772 1764 956 1813 partibus
1010 1766 1058 1802 de
1112 1776 1152 1801 se
1204 1763 1482 1801 universaliter

149 1831 332 1871 negatur.
386 1823 426 1860 Si
458 1830 516 1860 est
549 1821 688 1860 divisio
728 1822 846 1859 realis
880 1831 919 1860 et
951 1821 1180 1860 essencialis
1214 1823 1349 1869 modo,
1387 1830 1481 1859 tunc

151 1881 260 1918 nulla
322 1880 554 1919 differencia
622 1880 884 1930 appropriate
947 1883 1196 1918 constituens
1258 1881 1479 1917 secundam

150 1938 325 1988 speciem
360 1948 491 1988 potest
525 1948 754 1988 competere
786 1940 915 1988 prime
939 1939 1100 1991 speciei,
1135 1951 1225 1976 cum
1252 1939 1418 1988 propria
1442 1947 1480 1975 et

150 1997 411 2047 appropriata
451 1998 558 2036 racio
597 1998 783 2035 distincte
816 1998 1051 2046 quantitatis
1091 2007 1288 2046 repugnet
1320 1996 1478 2046 quanti-

93 2058 135 2091 30
150 2056 222 2093 tati
256 2056 457 2094 continue.
502 2059 551 2093 Et
584 2064 760 2094 econtra.
804 2057 953 2093 Ymmo
986 2058 1041 2094 sic
1073 2065 1278 2105 oporteret
1311 2064 1478 2093 econtra
1536 2071 1565 2099 If
1581 2075 1644 2106 not,
1666 2079 1727 2107 you

151 2114 456 2163 appropriatam
504 2114 781 2152 differenciam
835 2114 1073 2164 quantitatis
1120 2114 1310 2151 continue
1358 2126 1477 2151 econ-
1516 2115 1653 2142 suppose
1672 2106 1748 2140 ‘hat’

1515 2142 1592 2169 until
1614 2142 1664 2169 the
1683 2142 1755 2169 four

150 2185 263 2210 verso
310 2182 540 2222 competere
585 2173 803 2222 quantitati
849 2173 1033 2211 discrete.
1086 2175 1136 2210 Et
1181 2172 1237 2210 sic
1282 2172 1348 2209 ille
1400 2174 1477 2209 due
1501 2177 1761 2240 coiifsiictfftsecireall

1450 2230 1457 2237 ’
1695 2233 1701 2245 5

150 2231 412 2280 appropriate
447 2232 690 2279 differencie,
731 2231 970 2281 quantitatis
1003 2233 1206 2276 continue,
1247 2240 1284 2268 et
1318 2240 1477 2280 quanti·
1549 2248 1602 2275 the
1622 2247 1712 2274 other

151 2290 242 2327 tatis
276 2289 459 2336 discrete,
501 2302 591 2327 cum
624 2289 926 2338 generalissimo
961 2290 1135 2340 [genere]
1170 2289 1407 2339 quantitatis
1438 2290 1477 2325 in
1506 2282 1760 2346 divisssgffsissrm

93 2348 134 2382 35
150 2357 324 2397 utroque
356 2349 516 2386 illarum
551 2348 790 2398 specierum,
824 2348 989 2396 scilicet,
1024 2348 1216 2386 continue
1246 2356 1283 2385 et
1307 2347 1479 2385 discrete
1557 2353 1630 2388 only
1651 2360 1736 2391 orie-

152 2406 404 2457 quantitatis,
450 2408 579 2444 solum
624 2420 745 2444 unam
790 2406 965 2456 speciem
1013 2406 1323 2445 constituerent:
1369 2407 1479 2455 quod
1511 2387 1754 2459 geiepnuggsgisslseis

152 2474 209 2503 est
241 2464 543 2504 inconveniens.
576 2467 659 2503 Nec
691 2465 953 2515 appropriata
987 2465 1220 2503 differencia
1241 2465 1303 2503 vel
1332 2477 1480 2513 appro-

152 2523 281 2572 priate
327 2524 572 2561 constituens
611 2526 830 2561 secundam
870 2523 1045 2573 speciem
1078 2532 1211 2573 potest
1250 2531 1481 2572 competere

154 2585 215 2632 32,
262 2582 322 2619 vel
355 2592 535 2630 econtra,
581 2595 672 2619 curn
713 2582 781 2620 illa
820 2584 1043 2620 secundum
1077 2581 1265 2632 proprias
1297 2581 1480 2619 raciones

94 2648 139 2679 40
154 2640 445 2689 distingwatur.
489 2643 649 2688 Ymmo,
695 2640 798 2678 sicut
840 2642 919 2678 iam
960 2649 1146 2690 argutum
1186 2649 1259 2689 est,
1302 2640 1367 2677 ille
1405 2641 1480 2677 due

155 2699 416 2748 appropriate
461 2699 690 2737 differencie
734 2699 777 2736 in
821 2699 896 2737 illis
941 2699 1148 2749 speciebus
1201 2711 1290 2736 curn
1337 2700 1479 2736 eodem

225 2845 252 2874 8.
274 2854 303 2873 m
322 2854 381 2881 pro
402 2846 433 2873 in
453 2846 521 2873 MS.
598 2854 641 2880 14.
661 2846 718 2874 di'0
740 2846 809 2874 MS.
886 2847 935 2875 26.
960 2837 1025 2882 a‘ffu
1051 2855 1076 2882 a]
1095 2858 1127 2870 =
1145 2846 1196 2874 M?
1212 2853 1276 2882 pro
1297 2846 1392 2874 modo
1412 2846 1480 2874 MS.

156 2900 204 2928 29.
225 2883 345 2920 disticte
368 2892 434 2920 MS.
510 2891 560 2927 34.
581 2900 691 2927 genere
711 2892 796 2920 deest
814 2892 882 2920 MS.
956 2891 1006 2929 39.
1027 2893 1078 2920 ille
1098 2892 1166 2920 MS.

1299 2941 1341 2973 5*
