2067 3365
100 853 137 873 10

34 1137 115 1176 207a

98 1436 138 1456 20

97 1717 136 1748 25

100 2010 138 2042 ΞΟ

97 2301 137 2333 35

153 202 242 229 CAP.
263 201 316 228 VJ.
579 203 637 234 DE
665 201 1051 234 UNIVERSALIBUS.
1711 205 1733 242 3
1747 205 1759 229 1

152 312 212 348 vel
245 309 429 359 simplici,
461 309 493 346 si
528 317 680 345 constet
712 308 786 344 sibi
821 309 929 356 quod
959 308 1124 356 quilibet
1148 307 1246 356 ignis
1273 317 1331 344 est
1355 308 1470 356 ignis,
1507 315 1557 342 the
1578 316 1639 342 fact
1660 315 1685 342 is
1706 324 1751 350 so,

153 370 299 405 fatetur
345 368 453 416 quod
492 367 560 404 sic.
612 368 758 403 Ymmo
798 379 867 414 per
906 366 1176 403 iuramentum
1219 379 1357 403 secure
1398 350 1765 420 hoctffiffifflg‘ssfflagy

153 436 348 464 assereret
372 427 480 474 quod
514 427 642 461 omnis
676 425 775 473 ignis
810 433 867 461 est
898 424 1013 472 ignis.
1049 425 1089 461 Si
1124 432 1256 461 autern
1291 424 1475 473 queritur
1515 420 1740 489 progggiilitons.

153 487 202 522 ab
236 498 283 522 eo
316 485 348 521 si
382 492 537 521 constet
569 484 643 519 sibi
677 483 756 519 alio
789 484 837 519 de
870 482 939 518 tali
962 483 1074 530 signo
1098 482 1168 519 tali
1192 482 1475 531 proposicione

153 544 212 580 vel
257 543 326 579 tali
371 542 642 590 disposicione
687 541 725 577 in
772 549 905 577 mente
951 554 1034 587 sua,
1080 541 1233 577 scilicet
1277 541 1477 589 “quilibet

152 602 255 650 ignis
285 610 342 637 est
374 600 521 649 ignis’'‚
556 599 813 647 respondebit
836 611 876 635 se
900 599 1067 635 nescire.
1104 601 1151 635 Et
1174 599 1287 636 sicud
1310 599 1476 648 simplex

153 661 288 707 laycus
333 660 523 696 affectans
557 657 766 706 quodlibet
813 659 1038 693 membrum
1080 658 1139 693 sui
1177 657 1358 706 corporis
1393 670 1477 694 esse

153 731 310 761 sanum,
369 730 449 754 non
499 716 659 753 affectat
711 716 821 752 illam
876 715 1203 763 proposicionem
1258 717 1474 752 mentalem

154 776 392 824 “quodlibet
440 776 663 810 membrum
713 773 894 821 corporis
942 773 1017 810 mei
1063 783 1121 811 est
1164 775 1353 824 sanum''‚
1408 776 1475 810 sed

154 834 314 871 affectat
358 833 570 870 sanitatem
616 834 654 868 in
699 832 880 880 quolibet
920 833 1103 869 membro
1144 833 1340 880 corporis,
1396 832 1475 878 Sic,
1495 837 1562 864 And
1591 845 1666 863 even
1693 837 1768 863 such

154 906 244 929 curn
286 891 545 928 manifestum
585 900 643 927 est
676 890 760 937 sibi,
808 899 845 927 et
877 890 992 927 valde
1032 900 1200 936 certum7
1247 892 1356 939 quod
1391 891 1476 939 qui-
1504 873 1756 934 Uffivcgssggistlffie

152 951 249 987 libet
287 950 387 998 ignis
427 959 485 986 est
523 949 638 997 ignis,
684 962 765 985 non
805 957 863 985 est
899 949 971 985 sibi
1010 950 1127 986 valde
1172 958 1324 985 certum
1360 950 1476 997 quid-
1492 942 1770 1003 i'orcffistofflagmn

153 1022 274 1057 quam
310 1017 347 1045 et
377 1008 633 1044 manifestum
659 1008 707 1044 de
730 1008 796 1044 illa
820 1007 1119 1056 proposicione:
1155 1008 1352 1056 “quilibet
1375 1007 1476 1055 ignis
1493 1012 1594 1047 tacitly
1615 1000 1644 1038 ἕο
1660 1011 1769 1038 ‘admit

154 1077 210 1104 est
244 1067 390 1114 ignis''‚
425 1068 493 1103 sed
527 1075 583 1103 est
617 1065 875 1102 manifestum
909 1065 984 1102 sibi
1018 1075 1055 1102 et
1087 1066 1204 1102 valde
1238 1075 1394 1102 certum
1429 1067 1477 1102 de
1544 1049 1627 1074 niem
1649 1051 1710 1073 too.

153 1127 339 1174 igneitate
386 1125 595 1161 cuiuslibet
635 1124 747 1172 ignis.
783 1121 787 1177 l
823 1126 872 1160 Et
910 1124 1162 1172 experiencia
1207 1126 1323 1161 docet
1368 1126 1476 1172 quod

153 1184 337 1220 homines
390 1183 590 1231 sapientes
643 1192 680 1219 et
732 1182 945 1232 simplices,
998 1191 1189 1231 negantes
1233 1183 1476 1219 universales

153 1243 303 1279 formas
342 1241 382 1277 in
416 1243 547 1286 rebus,
586 1240 672 1277 sine
705 1240 1002 1278 deliberacione
1040 1254 1083 1277 ex
1116 1241 1307 1277 instinctu
1341 1242 1477 1288 utique

155 1299 328 1337 naturali
361 1309 684 1348 prorumpuntur
716 1307 753 1335 et
786 1299 945 1335 dicunt:
993 1300 1068 1335 hoc
1110 1308 1167 1336 est
1202 1299 1477 1344 manifestum,

155 1360 230 1395 hoc
264 1368 321 1395 est
354 1359 468 1394 valde
504 1367 656 1394 certum
683 1358 792 1406 quod
817 1357 982 1406 quilibet
1014 1356 1118 1405 ignis
1152 1366 1209 1393 est
1241 1357 1362 1405 ignis;
1398 1371 1479 1393 non

154 1417 403 1453 intendentes
437 1417 486 1452 de
517 1415 803 1464 proposicione
837 1415 1001 1452 mentali
1034 1415 1148 1451 sicud
1182 1417 1345 1453 dictum.

213 1477 330 1512 Unde
362 1475 520 1511 videtur
553 1487 697 1521 magna
738 1474 937 1522 protervia
978 1473 1017 1510 in
1057 1475 1295 1521 negantibus
1328 1474 1478 1511 formas

154 1546 388 1570 communes
421 1533 461 1569 in
494 1534 653 1569 diversis
686 1532 923 1580 suppositis:
959 1545 1002 1568 ex
1036 1532 1330 1568 deliberacione
1354 1532 1475 1569 animi

156 1592 278 1628 menti
313 1591 509 1639 contingit
541 1604 591 1627 ne
624 1590 694 1627 tali
729 1591 922 1627 instinctu
955 1591 1142 1636 naturali,
1183 1591 1368 1638 negando
1402 1592 1478 1627 hoc

156 1663 239 1686 esse
273 1650 529 1686 manifestum
570 1658 607 1686 et
639 1650 754 1686 valde
794 1658 948 1685 certum
988 1649 1029 1685 in
1061 1658 1147 1686 toto
1182 1650 1335 1685 mundo
1368 1650 1479 1697 quod

154 1708 323 1757 quilibet
364 1708 464 1756 ignis
510 1716 568 1744 est
607 1708 723 1757 ignis,
769 1716 806 1744 et
844 1707 943 1743 illud
988 1707 1245 1744 manifestum
1288 1717 1323 1744 et
1364 1708 1478 1744 valde

155 1776 307 1803 certum
344 1767 383 1803 in
416 1775 503 1803 toto
537 1768 689 1802 mundo
724 1767 831 1814 quod
865 1775 922 1802 est
955 1766 1177 1814 quemlibet
1217 1766 1348 1814 ignem
1393 1778 1478 1802 esse

154 1825 297 1873 ignem,
334 1834 370 1862 et
405 1826 630 1861 communis
663 1824 832 1873 igneitas
865 1824 905 1860 in
938 1826 1117 1873 quolibet
1148 1826 1248 1873 igne.

212 1884 370 1932 Sicque‚
396 1896 486 1920 cum
513 1884 587 1919 hoc
610 1884 657 1919 sit
680 1884 795 1919 valde
819 1882 1089 1927 manifestum,
1124 1892 1161 1919 et
1184 1884 1299 1920 valde
1323 1891 1475 1919 certum
1521 1898 1589 1925 Tlie
1611 1899 1694 1925 nuth
1716 1901 1742 1926 is

154 1950 190 1977 et
225 1943 394 1978 multum
431 1942 593 1978 firmum
629 1941 669 1977 in
702 1950 788 1978 toto
828 1943 995 1988 mundo,
1035 1942 1143 1990 quod
1182 1941 1337 1990 quilibet
1375 1941 1478 1991 ignis
1565 1933 1628 1960 ΠΨ
1650 1936 1699 1960 ¹¹¹ss

1509 1968 1671 1996 Universal
1693 1970 1753 1997 fact

153 2008 208 2036 est
240 2001 351 2047 ignis,
384 2001 452 2036 sed
487 2001 595 2048 quod
629 2000 697 2036 iste
730 2000 834 2050 ignis
866 2008 921 2036 est
951 2000 1054 2051 ignis
1078 2009 1135 2036 est
1157 2008 1311 2036 servate
1334 2009 1475 2035 notum
1544 2004 1720 2052 otAllJi‘rq

154 2067 190 2094 et
223 2072 303 2094 non
337 2058 392 2095 sic
426 2058 697 2108 manifestum,
731 2067 883 2094 certum
919 2067 957 2095 et
990 2058 1172 2105 firmum3
1219 2057 1475 2094 manifestum
1515 2039 1745 2102 ἒξζζζῗγῖξᾷἕνξῇ

155 2126 211 2153 est
244 2118 353 2165 quod
386 2116 555 2164 igneitas
589 2116 817 2153 communis
850 2117 969 2165 longe
1002 2117 1091 2164 plus
1126 2117 1353 2153 manifestat
1376 2129 1417 2153 se
1440 2125 1476 2152 et
1503 2111 1748 2178 pas}j‘}3ffla}¹¹gne

155 2176 346 2211 certificat
378 2188 419 2211 se
452 2188 536 2211 esse
568 2176 676 2223 (quia
710 2174 750 2211 in
783 2183 868 2211 toto
904 2175 1085 2224 mundo),
1130 2188 1220 2211 cum
1256 2175 1306 2211 sit
1339 2188 1477 2223 quem·
1539 2168 1758 2220 orinssfire'

153 2233 249 2270 libet
293 2235 422 2281 ignem
471 2246 554 2270 esse
598 2233 745 2281 ignem,
792 2246 914 2282 quam
969 2233 1137 2281 igneitas
1190 2234 1397 2281 singularis
1437 2245 1477 2269 se
1538 2214 1721 2251 bemgstre.

156 2292 385 2328 manifestat
428 2291 623 2328 obiective
670 2301 707 2328 et
752 2291 947 2328 certificat
992 2305 1033 2328 se
1079 2304 1176 2330 esse.
1230 2292 1296 2328 Sic
1335 2291 1476 2338 eciam,

156 2363 245 2386 cum
280 2351 329 2386 sit
364 2350 619 2387 manifestum
659 2349 698 2385 in
731 2358 817 2386 toto
854 2351 1006 2387 mundo
1040 2359 1077 2387 et
1111 2359 1279 2397 certum,
1320 2363 1402 2387 non
1435 2359 1478 2385 ut

154 2410 324 2456 signum,
366 2411 434 2445 sed
474 2418 516 2445 ut
554 2408 757 2445 obiectum
793 2409 997 2457 quoddam
1032 2408 1270 2456 primarium
1312 2408 1478 2445 alicuius

155 2467 341 2504 distincte
363 2467 513 2504 noticie
536 2468 644 2515 quod
668 2466 836 2516 quilibet
859 2467 962 2515 ignis
986 2476 1044 2504 est
1068 2467 1259 2513 calidum,
1295 2467 1478 2504 caliditas

226 2590 251 2618 5.
281 2595 381 2617 menta
408 2591 473 2618 MS.
548 2599 575 2626 7.
603 2592 732 2618 alt'ctaus
752 2591 819 2618 MS.
894 2600 921 2627 ς).
950 2591 995 2619 sui
1024 2591 1090 2618 MS.
1168 2591 1212 2618 16.
1235 2596 1380 2626 negantes
1407 2599 1479 2618 con-

153 2625 296 2653 cedentes
316 2626 382 2653 MS.
458 2634 507 2654 22.
527 2628 614 2662 affligit
635 2635 671 2654 ne
691 2626 757 2654 MS.

225 2683 278 2705 20.
299 2674 386 2706 This
407 2675 601 2717 paragraph
621 2684 737 2707 seems
756 2681 792 2707 to
813 2675 855 2707 be
876 2675 1228 2718 incomprehensible.
1326 2676 1378 2709 ΞΟ.
1399 2675 1477 2707 Ser-

154 2722 243 2755 vate.
275 2721 429 2763 Perhaps
455 2722 523 2753 this
549 2732 686 2755 means:
721 2723 860 2754 Known
886 2724 921 2754 in
948 2733 988 2754 an
1016 2722 1160 2754 inferior
1188 2732 1275 2763 way,
1302 2722 1322 2754 i.
1350 2732 1378 2753 e.
1406 2732 1478 2752 em-

155 2768 323 2810 pirically.
423 2767 475 2801 38.
492 2768 669 2801 Calidum.
697 2769 762 2800 'We
788 2768 878 2800 have
902 2769 1041 2812 already
1061 2776 1132 2800 met
1149 2768 1233 2800 with
1253 2768 1321 2799 this
1341 2775 1479 2810 strange

159 2814 250 2846 form
276 2815 408 2846 several
435 2815 549 2848 times,
578 2816 628 2847 No
656 2815 766 2847 doubt
790 2817 936 2857 aliquod
962 2816 989 2847 is
1016 2815 1240 2847 understand.
