2067 3365
629 248 688 279 DE
717 247 1093 282 UNIVERSALJBUS.

198 355 247 392 sit
279 353 405 406 bona)
451 356 672 391 concedere
717 355 824 390 illam
872 362 909 390 et
948 366 1095 401 negare
1135 355 1396 399 antecedens3
1444 368 1516 403 pro

196 421 337 450 neutra
369 421 505 450 tamen
538 421 662 461 parte.

254 471 295 507 Si
327 483 421 508 vero
450 469 522 507 tibi
547 470 614 507 fiat
636 470 801 520 aliquod
825 478 1107 519 argumentum
1133 471 1243 506 cuius
1267 482 1516 519 consequens

195 528 314 566 fuerit
346 538 486 566 contra
526 537 564 565 te
597 536 633 565 et
666 528 905 566 antecedens
947 541 1029 565 non
1067 527 1116 564 sit
1155 541 1235 564 una
1274 528 1515 576 copulativa,

162 585 263 623 §secl
306 586 357 624 sit
400 600 481 624 una
514 586 783 635 cathegorica,
830 596 937 636 tunc,
975 586 1006 622 si
1046 586 1340 635 consequencia
1372 587 1514 637 valeat,

195 646 394 682 concedas
440 645 565 691 illam,
610 645 665 681 sic
705 645 893 681 dicendo:
940 646 1129 682 Concedo
1163 645 1514 693 consequendam,

194 711 231 739 et
263 703 294 739 si
328 704 567 740 antecedens
612 702 794 739 videatur
839 715 922 740 esse
956 704 1259 739 concedendum
1294 715 1316 739 a
1348 711 1386 739 te
1420 715 1514 739 con-

193 762 312 797 cedas
345 761 470 798 eciam
502 762 755 805 antecedens,
791 769 829 798 et
858 769 1088 798 constanter
1109 773 1229 808 neges
1253 772 1513 809 consequens.

192 821 240 855 Et
272 819 303 855 si
336 831 545 868 opponens
578 818 700 855 faciat
739 820 818 856 tale
850 827 1131 867 argumentum
1180 818 1293 870 (quia
1327 818 1425 855 illud
1457 828 1515 855 est

139 876 455 913 rofortissimum
501 885 783 925 argumentum
830 879 939 926 quod
982 886 1117 925 potest
1172 876 1258 913 fleri
1310 889 1354 913 ex
1402 886 1514 926 parte

191 932 476 987 opponentis):
511 935 580 971 Illa
614 935 909 984 consequencia
942 944 1000 972 est
1032 937 1151 981 bona,
1186 934 1285 971 scita
1318 948 1340 972 a
1369 944 1406 972 te
1430 948 1513 972 esse

190 994 308 1040 bona,
342 1002 381 1031 et
413 1002 543 1030 totum
577 995 818 1031 antecedens
842 1003 899 1031 est
921 1002 1078 1031 verum:
1113 1006 1207 1042 ergo
1242 1005 1512 1042 consequens:

190 1053 388 1088 concedas
413 1051 764 1100 consequenciarn,
789 1060 825 1089 et
848 1064 968 1100 neges
990 1054 1251 1095 antecedens;
1277 1065 1350 1100 pro
1369 1061 1513 1089 neutra

188 1118 324 1146 tamen
369 1119 497 1158 parte,
542 1109 636 1159 quia
680 1118 776 1147 tunc
816 1119 875 1147 est
906 1123 985 1147 una
1019 1110 1249 1158 copulativa
1281 1110 1322 1145 in
1354 1119 1512 1147 antece-

134 1167 317 1208 15dente.
351 1171 399 1205 Et
432 1168 487 1205 ita
521 1168 782 1216 respondebis
815 1170 865 1205 ad
898 1168 1009 1205 illam
1043 1168 1155 1204 sicud
1184 1167 1308 1215 prius.
1344 1171 1404 1218 Et,
1438 1168 1511 1205 nisi

188 1239 397 1275 opponens
421 1226 490 1272 sic,
515 1226 576 1263 vel
599 1227 740 1263 saltem
766 1226 967 1263 consimili
984 1228 1105 1263 modo
1122 1235 1277 1274 arguat,
1301 1239 1509 1275 nunquam

187 1293 319 1332 potest
350 1285 436 1333 ipse
459 1284 726 1333 quovismodo
758 1284 892 1321 venire
926 1285 977 1321 ad
1009 1297 1124 1321 suurn
1160 1284 1427 1332 propositum.
1464 1286 1534 1320 Et.

185 1342 241 1379 ita
285 1356 365 1379 non
409 1342 626 1390 dubitabis,
680 1342 776 1391 quin
825 1346 882 1381 2m
927 1342 1036 1379 illam
1085 1341 1349 1390 oppinionem
1397 1350 1510 1390 potes

58 1402 141 1445 259⁵
185 1401 396 1438 defendere
440 1400 480 1439 in
525 1413 768 1449 quacunque
814 1400 984 1438 materia
1012 1397 1017 1453 ἰ
1047 1413 1068 1437 a
1113 1412 1356 1448 quocunque
1396 1413 1510 1448 argu-

127 1470 170 1492 20
186 1469 320 1496 mento
354 1460 465 1508 quod
509 1467 793 1507 argumentum
834 1458 1025 1508 possibile
1065 1467 1122 1495 est
1168 1458 1317 1506 aliquid
1356 1459 1508 1501 facere;

184 1517 278 1566 quia
325 1517 583 1554 manifestum
631 1525 688 1554 est
726 1519 835 1566 quod
878 1530 961 1554 non
1000 1525 1057 1554 est
1096 1516 1287 1565 possibile
1332 1517 1507 1565 aliquem

183 1584 466 1624 argumentare
511 1584 650 1612 contra
695 1584 745 1620 te,
791 1575 865 1612 nisi
904 1576 1145 1612 antecedens
1190 1574 1240 1611 sit
1280 1574 1508 1623 copulativa

182 1635 242 1670 vel
274 1647 355 1671 non
390 1633 631 1682 copulativa.
665 1633 707 1670 Si
740 1635 985 1671 antecedens
1008 1632 1058 1669 sit
1081 1632 1322 1681 copulativa,
1357 1633 1507 1670 dictum

182 1701 240 1729 est
284 1692 458 1741 qualiter
501 1701 596 1729 tunc
642 1693 969 1741 respondendum
1016 1700 1092 1736 est;
1141 1691 1173 1728 si
1218 1704 1312 1729 vero
1345 1704 1426 1728 non
1459 1691 1509 1728 sit

124 1752 165 1784 25
183 1751 422 1800 copulativa,
455 1752 716 1799 respondebis
749 1750 864 1788 sicud
896 1750 1043 1787 ultimo
1077 1749 1228 1787 dictum
1263 1758 1333 1789 est.

239 1867 351 1904 Alius
398 1868 541 1904 modus
586 1867 858 1916 respondendi
904 1875 960 1904 est
1007 1880 1075 1915 per
1113 1879 1233 1916 quem
1280 1874 1412 1914 potest
1452 1865 1507 1903 sic

180 1924 296 1962 aliter
328 1926 542 1963 defendere
574 1925 613 1964 in
648 1925 759 1962 omni
784 1925 953 1962 materia
976 1925 1328 1974 qualitercumque
1352 1924 1505 1961 difficili

179 1984 240 2021 vel
272 1984 421 2032 ignota.
455 1987 534 2021 Isto
568 1985 705 2031 modo,
739 1984 772 2020 si
805 1984 875 2020 fiat
906 1983 977 2020 tibi
1011 1983 1176 2032 aliquod
1207 1992 1506 2031 argumentum,

181 2054 270 2079 cum
318 2055 569 2092 consequens
614 2041 664 2078 sit
709 2051 851 2079 contra
889 2052 940 2089 te,
985 2041 1066 2078 sive
1106 2042 1204 2078 illud
1238 2041 1308 2078 fiat
1340 2040 1378 2077 in
1413 2054 1507 2078 casu

123 2104 165 2137 30
180 2100 315 2150 aliquo
359 2101 440 2138 sive
485 2109 593 2138 extra
627 2113 778 2148 casum,
824 2101 1023 2137 concedas
1063 2098 1414 2148 consequendam,
1451 2099 1507 2136 sic

180 2158 372 2196 dicendo:
419 2160 607 2196 Concedo
653 2159 1011 2207 consequenciam3
1058 2167 1095 2195 et
1140 2159 1267 2195 eciam
1309 2157 1506 2194 concedas

180 2219 421 2255 antecedens
473 2217 578 2254 illius
630 2217 870 2266 argumenti,
924 2217 956 2253 si
1001 2216 1236 2265 apparuerit
1288 2215 1360 2252 tibi
1413 2229 1506 2253 con-

179 2277 419 2320 cedendum,
460 2275 491 2313 si
523 2288 617 2312 vero
651 2277 893 2312 antecedens
925 2288 1008 2312 non
1040 2274 1275 2324 apparuerit
1306 2273 1377 2310 tibi
1412 2286 1506 2311 con-

179 2335 419 2384 cedendum,
462 2333 663 2371 sufficiens
708 2342 767 2370 est
812 2332 947 2372 evasio
991 2335 1041 2370 ad
1080 2333 1179 2370 illud
1218 2341 1504 2381 argumentum

122 2394 162 2427 35
178 2404 323 2440 negare
355 2393 617 2438 antecedens;
663 2393 731 2429 sed
764 2404 923 2440 semper
955 2404 1075 2440 neges
1115 2403 1366 2440 consequens
1399 2390 1505 2427 illius

179 2451 518 2500 qualitercunque
549 2450 676 2497 fuerit,
722 2450 754 2486 si
786 2450 944 2487 videtur
975 2450 1045 2487 tibi
1079 2449 1187 2499 quod
1219 2449 1351 2498 ipsum
1387 2448 1506 2486 fuerit

250 2641 293 2660 10.
309 2633 450 2660 forlisfflm
467 2632 533 2659 MS.
610 2632 652 2660 15.
670 2640 704 2659 ru
716 2622 856 2659 deFMS.
933 2638 981 2658 20.
997 2631 1043 2666 9155„
1055 2638 1116 2666 pro
1132 2630 1214 2665 quod
1232 2630 1299 2658 MS.
1375 2630 1423 2658 23.
1437 2635 1505 2657 (τογ’ὶ

178 2667 245 2695 MS.
321 2668 370 2696 25.
393 2667 459 2703 Gap
479 2665 584 2695 atftlce
604 2668 664 2694 end
683 2665 724 2703 of
737 2667 808 2694 line.
885 2666 933 2693 26.
955 2666 1055 2692 fflanls
1074 2666 1241 2701 spacesor
1261 2666 1367 2692 inilia!
1387 2668 1409 2692 A
1432 2666 1503 2692 with

177 2703 268 2730 small
285 2710 300 2730 a
321 2704 352 2730 in
373 2703 425 2730 tlte
444 2706 548 2730 centre
568 2702 634 2730 MS.
710 2701 758 2735 34.
780 2702 804 2729 si
828 2700 933 2728 suillus
954 2700 1020 2727 MS.

251 2775 279 2808 5.
309 2775 548 2817 Cathegorica.
575 2776 586 2807 I
613 2775 703 2807 have
730 2774 789 2806 left
816 2773 874 2806 the
901 2774 999 2805 word
1026 2784 1064 2804 as
1090 2774 1115 2805 it
1139 2773 1269 2814 stands,
1297 2773 1358 2804 but
1376 2773 1386 2803 Ι
1406 2772 1503 2804 think

179 2823 203 2854 it
235 2822 347 2864 ought
374 2828 410 2853 to
436 2822 479 2854 be
503 2821 768 2865 ‘hypothetica’.
807 2820 1077 2864 Unfortunately
1105 2820 1164 2851 the
1192 2821 1308 2853 writer
1333 2820 1431 2861 gives
1458 2830 1503 2850 no

179 2869 338 2911 example
365 2868 448 2900 here
474 2875 510 2900 to
538 2870 708 2900 illustrate
735 2867 789 2899 his
817 2868 992 2908 meaning.

1729 253 1804 291 ¹53

1546 479 1574 506 If
1591 479 1660 517 tliey
1680 480 1720 506 do
1741 484 1794 507 not

1608 516 1690 541 torm
1711 522 1727 541 a

1531 549 1716 583 copulative,
1743 557 1804 584 you

1548 591 1604 609 can
1625 583 1722 611 admit
1743 585 1793 611 the

1539 618 1718 680 autecedlent
1738 620 1798 646 and

1642 657 1692 680 tie

1555 694 1779 723 consequence,

1558 726 1607 757 yet
1626 723 1707 759 deny
1726 724 1776 750 the

1564 763 1771 792 consequent;

1610 792 1658 819 for
1677 793 1727 820 the

1579 826 1757 863 adversat-y,

1573 862 1709 897 wishing
1729 868 1759 890 to

1531 904 1617 931 press
1638 896 1686 924 his
1707 899 1804 932 point,

1556 931 1581 958 is
1602 931 1723 966 obliged
1746 937 1777 959 to

1593 967 1682 993 make
1702 975 1738 994 an

1540 1006 1702 1036 argument
1721 1002 1794 1029 with

1556 1044 1571 1062 a
1592 1036 1777 1072 copulative,

1555 1071 1620 1097 that
1638 1079 1699 1107 you
1720 1080 1775 1099 can

1601 1110 1678 1133 treat
1698 1114 1731 1133 as

1609 1140 1724 1168 before.

1576 1174 1626 1202 No
1648 1181 1758 1204 matter

1590 1210 1672 1237 what
1690 1212 1740 1238 the

1526 1245 1643 1279 subject
1664 1253 1734 1281 may
1755 1246 1802 1281 be,

1526 1287 1585 1306 vou
1608 1288 1665 1307 can
1686 1282 1802 1317 always

1561 1315 1671 1342 defend
1691 1324 1769 1351 your

1570 1350 1657 1385 point
1675 1352 1757 1378 llius.

1543 1873 1575 1901 Iu
1597 1874 1647 1901 the
1667 1875 1781 1902 secoud

1570 1910 1673 1943 mode,
1694 1918 1755 1945 you

1578 1943 1676 1971 admit
1696 1945 1745 1972 the

1549 1987 1774 2015 consequence,

1535 2014 1632 2041 admit
1652 2023 1687 2041 οι·
1707 2015 1787 2051 deny

1534 2049 1585 2076 the
1605 2049 1787 2077 antecedent

1551 2092 1584 2111 as
1604 2092 1664 2120 you
1685 2085 1772 2112 think

1530 2119 1571 2152 fit,
1593 2120 1652 2146 and
1674 2120 1789 2156 always

1586 2154 1665 2190 deny
1685 2155 1735 2181 tlie

1559 2193 1762 2224 consequent.
