2067 3365
288 253 365 290 126

320 1729 407 1756 ‘llius
428 1738 538 1763 genera

331 1764 389 1791 und
413 1765 533 1799 species

352 1808 401 1827 are
425 1808 506 1827 mere

299 1835 507 1863 anstrat-nous
529 1837 557 1863 in

346 1871 514 1903 accidcnts,

348 1906 448 1933 which
471 1915 516 1933 we

320 1941 488 1969 assimilare
510 1947 540 1968 to

1015 259 1243 291 ,IOHANNIS
1271 257 1469 290 WYCIJF.
1715 255 1805 284 CAP.
1828 255 1910 284 XIX.

575 382 644 406 sua
692 367 823 417 prima
869 376 906 404 et
952 368 1165 416 adequata.
1220 366 1333 403 Sicut
1379 378 1474 414 ergo
1520 379 1603 403 non
1647 373 1781 415 potest
1826 365 1913 403 dari

576 440 716 466 cursus
761 426 976 475 singularis
1021 425 1089 475 qui
1135 438 1207 474 per
1253 425 1417 461 modum
1464 424 1659 462 individui
1699 423 1911 474 proprium

577 485 894 524 convertibiliter
947 494 985 523 et
1038 485 1235 533 adequate
1288 483 1328 520 in
1374 496 1415 520 se
1460 483 1705 521 subiectaret
1752 495 1911 520 cursum

577 557 853 590 communem,
891 557 937 580 eo
971 545 1079 593 quod
1113 543 1203 580 talis
1236 544 1283 579 sit
1317 541 1548 579 essencialis
1588 542 1697 580 racio
1731 551 1770 580 et
1803 554 1913 579 com-

577 604 712 642 munis
735 603 847 640 omni
870 602 1063 651 singulari
1088 602 1240 643 cursui:
1275 600 1331 638 sic
1354 614 1436 638 non
1459 610 1593 650 potest
1617 601 1704 638 dari
1735 600 1913 638 subiecta

576 676 654 713 que
688 662 822 712 primo
856 671 894 698 et
928 662 1129 710 adequate
1162 662 1407 698 subiectaret
1441 672 1604 697 cursum
1637 672 1912 707 communem,

574 723 637 760 vel
670 734 793 771 quam
827 733 968 758 cursus
1002 719 1227 757 communis
1261 719 1326 756 ille
1360 718 1495 768 primo
1528 728 1566 756 et
1599 718 1915 757 convertibiliter

577 779 878 827 denominaret3
913 793 959 816 eo
994 779 1102 828 quod
1135 778 1185 816 sit
1219 778 1328 815 racio
1353 777 1585 816 essencialis
1610 778 1749 815 multis
1772 776 1914 814 formis

576 838 848 887 singularibus
882 837 1201 875 accidentalibus
1226 836 1516 875 denominandi
1538 836 1670 874 varias
1705 845 1742 874 et
1766 837 1915 874 multas

576 897 829 936 substancias
862 896 1108 945 singulares5
1138 909 1291 946 ymmo,
1326 895 1421 945 quia
1446 895 1677 933 communis
1701 894 1916 944 generacio

576 956 862 995 substancialis
886 955 1113 992 formaliter
1135 954 1352 992 inexistens
1375 954 1635 1004 generacioni
1651 953 1916 991 substanciali

576 1015 817 1053 individuali
841 1028 923 1051 non
946 1024 1079 1064 potest
1104 1026 1192 1051 eam
1217 1023 1300 1051 tam
1324 1027 1416 1051 vere
1440 1013 1707 1051 denominare
1730 1012 1915 1062 generari

578 1073 917 1119 substancialiter,
968 1086 1059 1110 cnm
1106 1073 1192 1122 ipsa
1237 1072 1330 1110 talis
1371 1072 1585 1121 generacio
1632 1071 1916 1110 substancialis

578 1134 628 1171 sit
662 1133 862 1178 accidens,
898 1145 980 1169 non
1014 1133 1257 1171 substancia.
1291 1133 1384 1168 ldeo
1419 1132 1521 1169 forte
1554 1145 1636 1168 non
1668 1140 1801 1180 potest
1825 1132 1914 1167 sub-

579 1192 778 1231 stanciam
825 1191 1092 1228 denominare
1141 1190 1326 1239 generari
1371 1190 1710 1235 substancialiter,
1757 1189 1826 1227 sed
1859 1199 1917 1227 est

578 1264 669 1290 vere
716 1251 826 1288 racio
873 1250 1104 1288 essencialis
1153 1249 1384 1287 communis
1430 1253 1487 1287 2¹n
1533 1262 1655 1299 quam
1702 1248 1916 1297 generacio

579 1310 795 1359 singularis
848 1308 1132 1347 substancialis
1185 1321 1276 1346 vere
1331 1317 1368 1345 et
1421 1308 1633 1358 proprium
1687 1307 1914 1345 subiectum

581 1369 820 1407 denominat
864 1368 1194 1405 substancialiter
1239 1368 1436 1416 generari.
1490 1369 1538 1405 Et
1576 1368 1679 1404 forte
1717 1367 1825 1403 idem
1859 1374 1918 1403 est

581 1428 778 1465 iudicium
820 1428 867 1465 de
908 1427 995 1464 aliis
1028 1426 1170 1464 formis
1203 1426 1522 1464 accidentalibus
1556 1425 1843 1463 communibus
1877 1424 1918 1462 in

580 1486 895 1536 predicamentis
925 1482 928 1540 Ι
958 1485 1252 1523 accidencium.
1292 1488 1341 1523 Et
1379 1494 1621 1523 vocarentur
1652 1485 1781 1522 forme
1814 1484 1919 1522 acci-

581 1547 761 1583 dentales
805 1545 1138 1583 substancialium
1185 1557 1255 1581 seu
1299 1544 1640 1590 substanciarum‚
1686 1543 1781 1593 quia
1826 1552 1919 1581 sunt

582 1605 765 1643 raciones
807 1604 1046 1642 essenciales
1079 1605 1302 1641 formarum
1337 1616 1428 1641 vere
1467 1603 1799 1647 accidentalium,
1839 1614 1917 1651 que

582 1677 673 1702 vere
697 1664 886 1701 accidunt
902 1662 1146 1700 substanciis
1170 1671 1207 1700 et
1226 1675 1292 1700 eas
1310 1662 1618 1700 accidentaliter
1636 1661 1917 1700 denominant.

643 1723 769 1772 Unde,
816 1735 907 1759 cum
947 1735 1072 1771 genus
1107 1731 1143 1759 et
1176 1721 1329 1771 species
1363 1721 1641 1759 accidencium
1675 1721 1752 1757 sint
1786 1719 1914 1769 quidi-

583 1792 685 1820 tates
731 1783 943 1830 abstracte,
989 1782 1110 1818 modo
1144 1790 1313 1829 possunt
1351 1780 1567 1818 assimilari
1601 1778 1843 1816 substanciis
1875 1787 1919 1815 ut

585 1841 792 1879 racionem
826 1839 985 1889 generis
1020 1849 1057 1877 et
1090 1839 1239 1888 speciei
1263 1839 1422 1888 possint
1445 1840 1615 1884 salvare,
1649 1851 1731 1875 non
1754 1837 1919 1887 proprie

583 1901 741 1938 videtur
775 1899 929 1936 dictum
964 1900 1073 1948 quod
1108 1898 1204 1935 talia
1238 1911 1387 1947 genera
1420 1907 1458 1936 et
1485 1899 1584 1936 tales
1618 1896 1772 1946 species
1805 1909 1919 1934 acce-

292 1977 486 2009 substance&
508 1977 567 2005 and
585 1961 682 1997 dant
716 1968 752 1996 et
777 1958 856 1995 sint
881 1957 1115 1995 accidencia
1149 1959 1488 1999 substanciarum,
1525 1958 1593 1994 sed
1617 1965 1710 1994 sunt
1734 1955 1918 1993 raciones

344 2013 416 2048 only
439 2012 517 2040 their

352 2047 507 2082 singulars

358 2091 409 2110 arc
431 2084 503 2111 real.

585 2017 824 2056 essenciales
859 2029 1015 2067 eorum,
1047 2030 1125 2066 que
1158 2029 1249 2054 vere
1283 2025 1319 2053 et
1351 2017 1517 2065 proprie
1551 2017 1752 2054 accidunt.
1783 2014 1917 2063 Aliqui

586 2086 742 2126 ponunt
805 2076 1080 2113 differenciam
1141 2075 1246 2112 inter
1308 2075 1533 2112 subiectum
1598 2073 1818 2111 inhesionis
1882 2082 1919 2110 et

584 2136 810 2173 subiectum
846 2134 1208 2182 denominacionis‚
1249 2143 1290 2171 ut
1324 2135 1536 2171 materiam
1572 2132 1746 2182 primam
1779 2131 1921 2169 dicunt

584 2195 809 2233 subiectum
856 2193 1083 2231 inhesionis
1123 2202 1161 2230 et
1194 2206 1275 2230 non
1309 2191 1663 2231 denominacionis
1695 2192 1916 2228 formarum

585 2252 921 2291 substancialium
970 2261 1007 2289 et
1051 2252 1378 2289 accidentalium.
1445 2250 1728 2300 Compositum
1784 2257 1917 2289 autem

586 2312 724 2350 dicunt
758 2311 984 2349 subiectum
1021 2311 1393 2358 denominacionis3
1429 2320 1466 2347 et
1499 2309 1636 2347 nescio
1670 2310 1721 2346 ad
1753 2321 1919 2357 presens

584 2372 615 2408 si
649 2370 863 2408 distinccio
909 2371 981 2407 hec
1026 2370 1067 2406 in
1112 2369 1289 2419 presenti
1337 2369 1506 2407 materia
1540 2367 1667 2418 possit
1700 2367 1920 2404 efficaciter

585 2431 732 2468 iuvare.
770 2430 998 2467 Gauderem
1024 2438 1173 2475 tamen,
1209 2429 1241 2465 si
1266 2428 1396 2465 diccio
1420 2441 1513 2466 vera
1537 2436 1608 2475 est,
1640 2428 1751 2476 quod
1774 2426 1920 2463 veritas

584 2489 793 2526 veritatem
831 2487 989 2525 fulciret
1021 2497 1059 2526 et
1093 2489 1338 2537 explanaret.

659 2658 679 2677 ι.
703 2650 776 2677 dare
795 2649 862 2677 MS.
939 2649 987 2677 25.
1011 2639 1162 2682 1ff0MS.;
1184 2648 1221 2675 ib.
1244 2656 1259 2674 a
1279 2655 1338 2683 pro
1359 2645 1526 2675 assimilari
1542 2645 1608 2673 MS.

1934 914 1975 937 10

1936 1202 1974 1234 15

1936 1781 1976 1814 25

1938 2372 1977 2406 33
