2067 3365
252 280 327 318 132

288 628 382 663 Now,
403 627 429 656 if
446 628 492 655 the

276 664 443 692 substance
466 663 501 690 be

284 698 440 734 perfected
461 698 491 726 in

274 735 348 763 each
368 735 403 762 ot⁴
418 735 504 762 these

248 778 344 806 ways,
371 771 432 797 and
453 769 515 797 eacl

320 806 351 833 in
370 805 456 833 three

267 841 395 876 degrees
415 840 516 875 (litlle,

253 884 337 905 more
356 877 417 904 and
437 878 516 903 most

271 920 318 939 we
339 912 416 940 have
437 911 509 939 nine

268 947 509 975 modifications.

266 2636 338 2664 And
361 2635 444 2663 there
465 2643 521 2663 can

291 2671 325 2698 bc
347 2679 386 2699 no
407 2679 504 2699 more.

979 271 1208 303 „IOHANNIS
1236 269 1436 302 WYCLIF.
1680 268 1771 297 CAP.
1791 268 1873 297 XXI.

539 382 718 432 perfecta
763 389 801 418 et
840 388 937 417 tota.
992 381 1041 416 Et
1079 391 1151 428 per
1190 390 1443 428 consequens
1483 382 1541 416 2m
1576 379 1653 415 hoc
1695 387 1754 415 est
1787 378 1875 428 ipsa

540 440 755 490 tripliciter
788 437 1050 488 perfectibilis
1083 437 1389 475 accidentaliter
1423 437 1657 478 extrinsece.
1696 439 1744 474 Et
1776 451 1876 475 voco

541 502 615 538 hec
659 498 799 536 omnia
843 497 1077 536 accidencia
1122 497 1347 534 extrinseca
1400 496 1475 545 ipsi
1529 497 1775 544 substancie,
1829 499 1877 534 de

542 567 696 609 quanto
729 557 892 595 realiter
924 557 1116 594 accidunt
1148 555 1237 602 sibi,
1279 564 1316 593 et
1349 557 1404 592 sic
1438 555 1628 593 accidunt
1661 557 1711 593 ad
1745 569 1835 594 eam
1871 551 1875 609 l

543 628 581 655 et
621 618 661 655 in
700 630 803 657 eam.
855 619 904 653 Et
942 617 997 653 sic
1037 615 1125 665 ipsa
1176 624 1234 653 est
1288 614 1565 664 aproprietate
1617 614 1879 664 perfectibilis

542 676 850 715 accidentaliter
890 675 1126 721 extrinsece,
1169 678 1227 713 2¹n
1261 676 1370 723 quod
1410 673 1498 722 ipsa
1539 683 1597 710 est
1630 683 1716 711 tota
1749 674 1878 724 quidi-

542 737 664 773 tative
697 735 831 785 primo
866 736 1004 771 modo.
1040 738 1086 772 20
1122 734 1245 770 modo
1285 742 1342 771 est
1382 732 1656 782 aproprietate
1694 733 1878 782 perfecti-

543 795 633 832 bilis
678 793 986 832 accidentaliter
1031 793 1252 830 extrinsece
1299 796 1357 829 2⁸¹
1399 793 1508 841 quod
1555 792 1643 841 ipsa
1688 802 1745 829 est
1796 801 1880 829 tota

519 853 790 910 >qualitative
834 855 882 889 Et
929 856 976 902 30
1018 852 1141 889 modo
1187 860 1246 888 est
1291 850 1554 900 perfectibilis
1603 851 1880 900 aproprietate

543 911 849 951 accidentaliter
882 911 1116 957 extrinsece,
1152 914 1211 949 2³¹
1245 912 1355 960 quod
1389 910 1477 959 ipsa
1510 919 1568 947 est
1601 919 1686 947 tota
1719 910 1880 960 quanti-

543 972 680 1010 tative.
734 973 784 1008 Et
816 971 912 1020 quia
950 970 1119 1008 ulterius
1159 969 1246 1019 ipsa
1287 969 1521 1007 substancia
1554 978 1652 1017 tota,
1698 969 1882 1019 quolibet

543 1031 706 1068 illorum
740 1030 864 1067 trium
900 1031 1115 1067 modorum
1149 1042 1231 1078 quo
1266 1037 1324 1066 est
1356 1037 1454 1077 tota,
1488 1030 1609 1066 habet
1641 1029 1729 1078 ipsa
1757 1042 1880 1066 unam

545 1090 768 1128 manierem
823 1088 950 1138 partis
1001 1089 1063 1125 vel
1115 1087 1297 1137 parcium
1354 1100 1431 1137 que
1493 1088 1614 1125 habet
1675 1089 1880 1126 racionem

543 1149 702 1186 numeri
755 1161 836 1198 quo
889 1149 940 1185 ad
991 1147 1081 1185 “sic
1124 1156 1256 1185 totum
1306 1147 1435 1188 esse”.
1497 1148 1546 1183 Et
1592 1148 1714 1185 habet
1759 1147 1880 1185 aliam

546 1208 769 1245 manierem
803 1207 929 1257 partis
962 1208 1023 1244 vel
1056 1206 1241 1256 parcium
1275 1219 1353 1255 que
1377 1207 1498 1243 habet
1520 1206 1727 1243 racionem
1755 1206 1878 1244 medii

545 1281 626 1317 quo
666 1269 717 1304 ad
756 1267 855 1303 illud
895 1266 952 1303 sic
991 1275 1142 1312 totum3
1189 1275 1227 1303 et
1265 1266 1386 1302 habet
1423 1274 1519 1302 tunc
1553 1269 1600 1316 30
1634 1265 1880 1303 totalitatem

545 1339 623 1376 que
656 1328 777 1364 habet
810 1325 1017 1363 racionem
1055 1325 1217 1362 maximi
1251 1338 1331 1373 quo
1365 1325 1417 1362 ad
1450 1324 1551 1361 illud
1583 1324 1672 1362 “sic
1703 1325 1881 1363 totum’'.

545 1386 671 1434 Igitur
708 1385 795 1435 ipsa
828 1384 1061 1422 substancia
1094 1393 1180 1421 tota
1220 1383 1298 1420 illis
1330 1383 1460 1421 tribus
1500 1383 1632 1421 modis
1670 1384 1884 1421 totalitatis

545 1458 625 1494 quo
665 1446 716 1481 ad
756 1444 967 1494 quodlibet
1012 1443 1073 1480 sui
1106 1443 1260 1480 “totum
1294 1443 1405 1480 esse''
1447 1451 1505 1480 est
1542 1443 1756 1492 tripliciter
1794 1457 1884 1492 per-

545 1503 734 1541 fectibilis
779 1503 1087 1541 accidentaliter
1132 1502 1372 1552 extrinsece3
1425 1501 1607 1550 minime,
1654 1502 1802 1547 medie,
1847 1512 1884 1540 et

547 1562 735 1601 maxime.
775 1562 944 1600 Minime
976 1575 1058 1611 quo
1092 1563 1142 1599 ad
1178 1561 1401 1600 manierem
1435 1561 1561 1610 partis
1593 1562 1654 1599 vel
1686 1561 1884 1611 parcium,

547 1635 624 1672 que
659 1621 860 1660 manieres
905 1623 1026 1659 habet
1070 1621 1276 1658 racionem
1324 1620 1485 1657 minimi
1525 1620 1810 1658 substancialis
1848 1630 1886 1658 et

546 1681 772 1730 intrinseci3
807 1681 954 1728 medie,
988 1693 1070 1730 quo
1103 1681 1154 1717 ad
1189 1680 1411 1717 manierem
1443 1679 1570 1729 partis
1593 1680 1655 1717 vel
1679 1680 1884 1728 parcium3

546 1754 625 1790 que
672 1740 871 1778 manieres
917 1741 1039 1777 habet
1084 1738 1293 1777 racionem
1341 1739 1464 1776 medii
1507 1738 1792 1777 substancialis
1825 1740 1885 1777 in-

546 1800 711 1838 trinseci
756 1799 884 1848 ipsius
933 1799 1066 1837 tocius
1114 1798 1365 1846 substancie3
1415 1807 1453 1835 et
1499 1798 1674 1835 maxime
1713 1811 1796 1848 quo
1836 1800 1887 1837 ad

545 1859 792 1897 totalitatem
828 1857 955 1908 ipsius
984 1858 1228 1898 substancie.
1262 1857 1388 1907 Igitur
1409 1857 1580 1895 ulterius
1604 1867 1766 1907 oportet
1790 1859 1887 1896 dare

546 1931 672 1967 genus
706 1931 856 1967 rerum,
891 1917 1006 1955 sicud
1040 1917 1209 1955 minime
1241 1916 1546 1966 perficiencium
1581 1917 1887 1955 accidentaliter

546 1977 822 2015 substanciam
868 1977 1003 2026 primo
1050 1978 1174 2013 modo
1220 1985 1362 2024 totam,
1410 1985 1448 2013 et
1492 1977 1717 2014 secundum
1763 1989 1887 2026 genus

547 2050 682 2074 rerum
704 2036 836 2074 medie
858 2036 1180 2087 perficiencium⁷
1205 2045 1242 2073 et
1265 2048 1391 2085 genus
1415 2048 1551 2073 rerum
1575 2035 1689 2073 sicud
1713 2036 1887 2074 maxime

518 777 526 796 l

547 2095 852 2145 perficiencium
877 2095 1182 2133 accidentaliter
1206 2095 1426 2133 extrinsece
1450 2095 1727 2133 substanciam
1752 2095 1887 2145 primo
1905 2101 1919 2112 ⁶

548 2156 671 2192 modo
705 2164 849 2193 totam.
903 2157 952 2192 Et
986 2153 1254 2192 consimiliter
1293 2163 1454 2204 oportet
1488 2155 1584 2191 dare
1622 2153 1701 2192 tria
1740 2167 1888 2204 genera

547 2227 681 2251 rerum
707 2213 1010 2263 perficiencium
1035 2213 1341 2251 accidentaliter
1365 2213 1586 2250 extrinsece
1609 2214 1887 2254 substanciam

549 2278 596 2312 20
628 2283 773 2311 totam.
827 2275 875 2310 Et
914 2274 991 2311 hoc
1031 2272 1213 2323 minime,
1255 2273 1399 2319 medie,
1441 2281 1479 2310 et
1513 2272 1700 2310 maxime.
1754 2274 1805 2310 Et
1839 2277 1886 2324 30

550 2335 672 2370 modo
707 2341 870 2381 oportet
904 2331 1171 2370 consimiliter
1205 2333 1301 2369 dare
1334 2332 1411 2369 tria
1445 2344 1594 2381 genera
1627 2344 1763 2369 rerum
1798 2345 1887 2382 per-

549 2391 778 2429 ficienciurn
819 2391 1127 2429 accidentaliter
1159 2391 1396 2439 extrinsece,
1439 2391 1621 2438 minime,
1663 2390 1807 2438 medie,
1851 2399 1920 2431 et?

551 2451 723 2488 maxime
756 2450 1032 2488 substanciam
1067 2455 1113 2501 30
1149 2451 1272 2488 modo
1306 2459 1449 2488 totam.
1504 2450 1570 2488 Sic
1604 2462 1699 2499 ergo
1740 2463 1885 2488 novem

548 2519 709 2559 oportet
755 2522 840 2547 esse
887 2510 1089 2547 manieres
1121 2510 1183 2547 vel
1217 2522 1366 2558 genera
1404 2522 1541 2547 rerum
1581 2509 1888 2547 accidentaliter

550 2569 770 2606 extrinsece
815 2569 1119 2618 perficiencium
1165 2569 1444 2614 substanciam
1491 2568 1706 2618 tripliciter
1759 2578 1886 2606 totam

549 2628 896 2679 substancialiter3
949 2641 1023 2665 nec
1075 2627 1255 2678 poterint
1307 2629 1443 2677 plures
1497 2628 1699 2665 manieres
1751 2640 1886 2665 rerum

1902 925 1940 946 [Ο

1904 1213 1940 1245 15

1903 1518 1944 1539 20

1904 1805 1945 1838 25

1904 2112 1946 2135 30

551 2687 767 2735 excogitari
813 2700 936 2737 quam
983 2687 1048 2725 ille
1092 2699 1237 2725 novem
1279 2689 1330 2724 ad
1370 2686 1665 2736 perficiendum
1700 2687 1947 2737 acciden-40

549 2746 685 2784 taliter
717 2746 994 2784 substanciam
1030 2755 1067 2783 et
1102 2746 1334 2784 extrinsece.

623 2943 649 2971 5.
677 2942 793 2985 app⁷e2⁸
819 2942 885 2971 MS.
962 2950 988 2977 7.
1017 2943 1132 2985 ap-p'ete
1160 2943 1226 2970 MS.
1303 2951 1331 2979 (J.
1355 2945 1468 2985 agp'esse
1494 2943 1562 2971 MS.
1640 2952 1683 2978 14.
1705 2932 1792 2972 msmi
1819 2943 1886 2971 MS.
