2067 3365
168 237 258 265 cAr.
279 236 360 265 xiv.
601 237 660 271 DE
686 239 1063 273 UNJVERSALIBUS.
1737 237 1789 287 89

168 346 233 384 Sic
266 345 452 384 similiter
496 346 537 384 in
583 346 663 384 alio
695 346 947 396 zophismate
981 349 1186 396 arguendo
1226 350 1274 385 de
1308 351 1425 387 Sorte
1458 359 1496 387 et

167 404 301 454 specie
334 405 524 452 humana,
559 414 597 442 et
630 418 808 456 cursum,
843 414 901 443 est
934 405 1166 443 dicendum.

226 463 346 509 Quod
379 472 513 500 autem
553 463 819 513 philosophus
859 472 895 500 et
930 463 1052 501 ceteri
1092 477 1286 513 sequaces
1320 478 1401 501 non
1435 478 1497 502 ex-
1536 476 1686 515 Aristone
1706 477 1765 504 and

167 521 348 570 primunt
363 522 484 559 talem
500 521 709 570 unitatem,
725 522 1049 570 ydemptitatem,
1070 523 1132 559 vel
1148 522 1495 572 composicionem
1540 511 1588 538 ¹¹¹⁵
1609 511 1767 539 f⁰¹¹⁰W⁶¹⁵

1522 546 1561 573 do
1583 550 1637 573 not
1656 555 1691 573 ex
1719 555 1784 574 ress

134 587 150 619 5
168 579 289 617 medii
322 581 374 617 ad
408 579 609 617 minorem
634 580 927 618 extremitatem
954 581 1042 629 [est]
1067 580 1163 630 quia
1186 591 1498 630 presupponunt
1559 555 1746 608 themseliies

167 651 256 675 eam
303 637 488 675 denotari
535 638 680 675 usitate
713 639 755 675 in
787 651 928 675 eorum
964 640 1088 676 modo
1121 639 1327 688 loquendi.
1382 642 1498 678 Unde
1541 616 1758 678 mutifrsssliifhe

166 698 217 734 ad
260 705 419 733 tantum
471 697 684 735 confitetur
730 696 996 746 philosophus
1051 697 1185 746 primo
1229 697 1496 746 PhysiCorum
1531 686 1779 748 οῇἶῗῗξξξξξζῑ

166 754 294 792 eciam
343 763 528 803 tempore
572 755 632 792 sui
677 755 1004 804 predicacionem
1052 755 1223 793 alicuius
1268 757 1316 794 de
1361 757 1498 805 aliquo
1538 755 1671 819 popfmlar
1691 756 1772 818 ngde

165 814 296 850 solum
346 817 405 851 2m
448 813 623 850 formam
668 813 843 862 viguisse
890 822 927 851 et
970 827 1053 851 non
1087 814 1222 863 aliam,
1263 817 1374 864 quod
1413 816 1497 864 ipse
1566 799 1584 818 Ο
1620 799 1743 824 speec.

112 890 151 911 10
167 871 293 909 dicat:
338 871 460 908 “Non
494 871 665 909 dicimus
699 873 809 921 quod
843 881 976 910 statua
1010 881 1068 910 est
1100 873 1216 922 lapis,
1263 873 1331 911 sed
1363 882 1498 911 statua

167 938 225 967 est
257 929 465 978 lapidea.’'
511 931 614 968 Ecce
646 943 728 967 non
762 930 893 979 potuit
925 943 1073 980 negare
1107 933 1218 980 quod
1263 940 1399 969 statua
1440 942 1498 970 est
1528 944 1557 972 A
1577 948 1677 984 statue
1697 945 1723 972 is
1743 945 1778 984 of

165 988 280 1037 lapis,
330 1000 420 1025 cum
466 988 569 1037 lapis
613 989 662 1026 sit
706 997 852 1034 statua,
898 989 994 1039 quia
1036 1002 1097 1027 res
1136 991 1190 1027 sic
1223 990 1415 1039 figurat33
1461 1000 1498 1028 et
1538 984 1773 1042 stogeglgngas

164 1055 300 1084 tamen
346 1046 443 1083 dicit
486 1047 599 1084 “non
644 1047 808 1085 dicimus
853 1049 963 1097 quod
1002 1057 1135 1085 statua
1169 1058 1227 1086 est
1267 1049 1384 1098 lapis,
1430 1049 1499 1087 sed
1537 1050 1683 1089 mOdified
1705 1049 1774 1077 ina

164 1104 369 1153 lapidea”.
426 1106 542 1142 Unde
590 1105 685 1155 quia
729 1106 893 1155 proprie
938 1106 1194 1155 predicatum
1249 1116 1307 1145 est
1351 1108 1496 1155 forma,
1545 1089 1661 1113 certam
1683 1093 1762 1121 way.

112 1173 148 1205 15
165 1164 389 1201 subiectum
428 1176 522 1201 vero
558 1163 725 1201 materia
769 1164 918 1213 (primo
952 1165 1229 1214 physicorum)
1270 1165 1377 1203 iuxta
1421 1167 1498 1202 usi-

165 1230 293 1259 tatam
325 1230 424 1259 tunc
463 1222 719 1260 locucionem
753 1232 959 1272 oporteret
992 1225 1115 1273 quod,
1149 1224 1181 1261 si
1214 1236 1305 1261 vere
1339 1224 1498 1262 dicatur

165 1281 273 1330 quod
307 1280 415 1317 “Iste
448 1289 563 1329 pater
596 1289 654 1318 est
688 1281 867 1319 essencia
901 1281 1082 1327 divina,’'
1115 1291 1212 1319 tunc
1245 1282 1350 1320 “iste
1385 1291 1499 1331 pater
1530 1296 1599 1324 The
1619 1296 1733 1324 Father
1753 1297 1779 1324 is

164 1338 206 1375 in
239 1338 403 1387 propria
435 1352 506 1376 sua
539 1339 670 1376 forma
702 1339 784 1378 sive
817 1341 980 1389 proprie
1012 1340 1238 1378 formaliter
1271 1350 1330 1378 est
1363 1341 1498 1379 divina
1550 1332 1620 1360 God
1642 1331 1724 1359 from
1745 1340 1761 1359 ³

166 1397 392 1436 essencia''.
447 1397 550 1444 Quia
588 1406 722 1436 autem
762 1411 901 1436 verum
936 1407 974 1436 et
1006 1399 1257 1436 katholicum
1297 1408 1355 1437 est
1388 1401 1499 1449 quod
1539 1373 1765 1431 ceffigiepvpint

109 1476 150 1496 20
167 1455 270 1493 “iste
315 1464 431 1504 pater
476 1465 534 1493 est
578 1456 758 1494 essencia
804 1456 985 1504 divina'’,
1031 1457 1100 1495 sed
1143 1470 1227 1494 non
1276 1461 1334 1495 2m
1373 1459 1496 1495 talem
1512 1439 1790 1501 Tmsmruessttrfflion

166 1514 490 1563 predicacionem
507 1515 568 1552 vel
591 1515 913 1564 copfflacionem,
938 1515 1051 1553 sicud
1069 1524 1253 1565 tempore
1268 1516 1498 1554 Aristotelis
1531 1509 1778 1572 ussgffisffi‘s'gsin

165 1573 238 1609 fuit
271 1585 410 1609 verum
445 1574 555 1622 quod
601 1582 736 1611 statua
769 1583 828 1612 est
858 1574 974 1623 lapiS,
1021 1576 1206 1623 quamvis
1245 1587 1328 1612 non
1368 1576 1497 1612 soleat
1743 1566 1748 1572 ¹

166 1630 258 1668 dici.
294 1632 387 1668 Ideo
417 1631 654 1669 conceditur
678 1632 879 1670 katholice
902 1634 1012 1682 quod
1035 1632 1139 1671 “iste
1162 1640 1275 1682 pater
1298 1634 1496 1682 generat''
1523 1638 1597 1678 Apd
1618 1639 1710 1666 when
1731 1640 1782 1678 the

165 1699 203 1728 et
248 1689 352 1727 “iste
397 1700 512 1738 pater
556 1699 614 1727 est
660 1691 839 1728 essencia
885 1691 1067 1738 divina’‘‚
1114 1700 1152 1729 et
1189 1700 1361 1740 negatur
1401 1705 1497 1729 con·
1520 1674 1781 1736 mhdndggrtsegrgdffi

107 1757 147 1789 25
164 1760 335 1797 sequens
389 1750 499 1797 quod
551 1749 760 1787 “essencia
814 1749 949 1787 divina
1009 1751 1220 1798 generat'’.
1283 1751 1498 1799 Oporteret
1526 1744 1779 1815 ffiffieesszlg'liagvye

164 1815 298 1844 autem
332 1806 437 1844 sumi
470 1820 543 1856 pro
583 1807 733 1845 unione
772 1816 1042 1845 extremorum
1076 1810 1204 1858 quod:
1246 1808 1352 1846 “iste
1385 1817 1498 1858 pater
1535 1802 1780 1854 eitheragainst'

158 1865 324 1915 propr—ie
348 1866 589 1914 formaliter
627 1874 686 1904 est
730 1866 910 1904 essencia
944 1867 1091 1914 divina,
1139 1868 1199 1905 vel
1233 1870 1290 1906 2¹¹⁶¹
1324 1867 1496 1905 formam
1610 1850 1696 1885 raah,

164 1936 279 1961 suam
313 1925 518 1973 propriam
554 1933 612 1962 est
645 1925 825 1962 essencia
859 1925 1039 1963 divina.'’

223 1983 338 2019 Unde
384 1982 565 2031 queritur
608 1985 658 2020 ab
703 1983 946 2022 adversariis
992 1984 1120 2022 eciam
1168 1997 1252 2022 non
1285 1984 1497 2022 Cristianis
1565 1999 1600 2019 or
1620 1991 1741 2027 against

107 2050 149 2082 30
163 2040 261 2089 quid
316 2040 496 2078 dicerent
549 2043 600 2079 ad
645 2042 768 2080 talem
813 2041 1042 2091 arguciam:
1099 2043 1209 2080 “Ista
1253 2052 1387 2081 statua
1439 2052 1497 2080 est
1591 2035 1714 2061 reason,

163 2098 335 2147 lapidea,
362 2108 399 2136 et
422 2099 497 2137 ista
520 2109 653 2138 statua
677 2109 735 2138 est
757 2100 881 2149 lapis:
912 2101 1035 2150 igitur
1057 2101 1158 2150 lapis
1182 2110 1240 2139 est
1263 2101 1495 2151 lapideus.’'

37 2164 119 2199 232¹>
162 2158 458 2206 Argumentum
483 2171 631 2207 negare
659 2156 664 2212 Ι
692 2172 774 2196 non
798 2168 978 2209 possunt,
1004 2168 1041 2197 et
1065 2172 1318 2210 consequens
1334 2169 1498 2198 sonaret

163 2215 219 2253 eis
251 2215 596 2265 inconvenienter,
642 2219 750 2267 quod
796 2218 897 2266 lapis
930 2227 989 2255 est
1020 2217 1097 2256 sibi
1130 2218 1206 2268 ipsi
1247 2218 1419 2256 materia
1453 2231 1498 2255 ex

163 2287 244 2323 qua
297 2282 399 2312 esset
442 2275 557 2324 lapis.
610 2276 714 2322 Quia
767 2289 861 2324 ergo
905 2277 979 2314 ista
1030 2285 1163 2314 statua
1214 2278 1346 2314 solum
1394 2276 1498 2314 sicut

106 2342 146 2375 35
165 2332 441 2380 materialiter,
476 2343 514 2370 et
546 2347 628 2371 non
651 2334 813 2383 proprie
835 2334 1071 2382 formaliter,
1108 2344 1166 2372 est
1188 2336 1303 2386 lapis,
1334 2344 1497 2384 oportet

162 2390 270 2428 iuxta
293 2404 360 2429 eos
384 2392 554 2430 assumi:
588 2393 698 2430 “Ista
731 2401 863 2431 statua
897 2402 955 2431 est
987 2394 1160 2443 lapidea,
1195 2403 1233 2431 et
1265 2394 1340 2432 ista
1364 2403 1498 2431 statua

164 2458 222 2486 est
247 2450 414 2500 proprie
433 2451 673 2500 formaliter
704 2451 826 2500 lapis:
873 2452 995 2501 igitur
1039 2452 1142 2501 lapis
1174 2462 1232 2490 est
1263 2452 1494 2501 lapideus.‘’

222 2508 462 2556 Ignorancia
480 2521 575 2558 ergo
590 2509 686 2547 artis
701 2510 945 2559 sylogisandi
964 2510 1206 2560 expositorie
1221 2519 1258 2548 et
1272 2513 1494 2548 secundum
1555 2530 1616 2557 and
1637 2530 1667 2557 j„
1688 2538 1748 2565 any

164 2565 589 2605 universalisacionem
616 2568 738 2605 medii
764 2569 912 2606 multos
937 2570 1142 2618 depressit.
1178 2572 1225 2607 Et
1249 2569 1496 2618 presumitur
1510 2565 1789 2635 {ffiglpisgggssffllncge

106 2625 273 2674 40qU0d
319 2625 453 2672 h0diss',
498 2626 530 2663 Si
575 2639 658 2664 non
703 2636 786 2664 tam
820 2640 893 2676 per
926 2628 1136 2665 ecclesiam
1174 2628 1343 2666 materia
1376 2629 1495 2665 bene·
1599 2635 1720 2675 ofthe⁴

166 2681 273 2720 dicta
326 2683 505 2722 increate
556 2684 750 2723 trinitatis
804 2694 907 2723 esset
958 2686 1091 2724 lucide
1135 2686 1324 2734 diffinita,
1380 2686 1495 2723 multi
1550 2670 1753 2742 ζξῖᾓὲἐξξῐᾞξῐ

232 2876 264 2904 6.
285 2881 331 2904 est
352 2877 437 2905 deest
454 2878 522 2906 MS.
599 2878 644 2907 15.
666 2887 695 2913 p.
719 2879 807 2915 phys.
829 2878 1016 2908 underlined
1036 2880 1102 2907 MS.
