2067 3365
852 726 1191 776 CAPITULUM
1236 725 1562 774 SECUNDUM.

244 828 333 867 This
354 828 468 867 mirrqr
494 827 529 854 of
599 822 788 858 Secundo
841 820 1121 870 principaliter
1173 828 1501 869 argumentatur:
1556 832 1647 857 cum
1697 817 1875 856 essencia

278 863 496 934 Daessts{’1u¹³t{}}g
541 879 676 917 divina
692 880 741 917 sit
757 881 969 928 speculum
986 879 1272 927 intellectuale,
1296 892 1450 926 verum,
1468 879 1682 926 mundum,
1707 877 1875 924 clarum,

256 933 514 997 cffistfgicssafffutslfe
541 948 579 976 et
624 939 806 987 amplum
854 938 1094 987 simpliciter
1138 937 1331 986 infiniter,
1384 937 1509 987 igitur
1558 937 1663 974 sicut
1709 937 1876 986 speculo

298 1005 419 1044 images
441 1004 476 1032 of
542 997 746 1046 corporali
787 1006 824 1034 et
863 1010 932 1035 sue
965 997 1288 1035 contradiccioni
1323 996 1523 1046 speculari
1558 996 1727 1033 multam
1759 997 1876 1033 dero-

247 1040 522 1110 creaffdsffliiif‘ngffl
542 1065 658 1105 garet
704 1056 735 1093 si
781 1056 822 1093 in
868 1069 914 1094 eo
953 1069 1036 1093 non
1075 1065 1241 1105 possent
1280 1056 1460 1094 relucere
1498 1068 1593 1093 vera
1633 1064 1670 1092 et
1709 1054 1877 1104 propria

247 1110 528 1174 corsnoxissrierrnssror
541 1116 662 1164 ydola
686 1115 954 1164 corporaliter
976 1114 1163 1163 visibilia,
1198 1114 1255 1152 sic
1289 1115 1417 1163 magis
1451 1116 1665 1163 derogaret
1697 1113 1755 1150 illi
1789 1126 1877 1162 spe-

273 1182 503 1222 js-worthless,
543 1175 634 1211 culo
668 1174 700 1211 si
733 1187 815 1211 non
848 1183 1014 1223 possent
1046 1174 1086 1211 in
1120 1187 1167 1211 eo
1200 1175 1380 1211 relucere
1412 1186 1506 1211 vera
1539 1173 1660 1222 ydola
1693 1182 1731 1210 et
1761 1173 1878 1210 valde

271 1217 508 1288 ¹rfei>trgs⁰e⁶i15t¹ii³st
543 1233 710 1282 propria
757 1233 1086 1271 intellectualiter
1138 1232 1313 1271 visibilia
1358 1245 1494 1270 rerum
1540 1231 1876 1269 intellectualium

335 1288 444 1324 obJ'ect.
544 1304 566 1329 a
600 1292 766 1340 speculo
800 1292 869 1329 illo
905 1292 1149 1330 distancium
1185 1301 1222 1330 et
1255 1292 1519 1331 diversarum.
1572 1292 1622 1331 Et
1661 1290 1757 1340 quia
1789 1302 1878 1339 spe-

544 1351 681 1388 culum
726 1351 824 1388 illud
869 1361 1038 1401 propter
1083 1351 1328 1389 infinitatem
1374 1364 1445 1389 sue
1489 1349 1757 1400 perfeccionis
1796 1362 1879 1387 non

544 1418 677 1458 potest
709 1410 890 1459 recipere
923 1410 963 1447 in
996 1423 1037 1447 se
1070 1412 1122 1447 de
1153 1424 1258 1448 novo
1292 1412 1341 1448 ab
1374 1410 1508 1448 alieno
1541 1409 1639 1447 talia
1670 1409 1793 1458 ydola
1824 1431 1879 1436 —-

544 1481 696 1517 ymmo,
734 1469 862 1518 magis
894 1469 1104 1518 derogaret
1137 1469 1193 1507 illi
1227 1470 1393 1519 speculo
1417 1468 1709 1514 actualissimo‚
1744 1467 1776 1506 si
1798 1480 1881 1505 non

544 1528 774 1565 necessario
820 1528 1053 1566 eternaliter
1090 1528 1131 1566 in
1171 1542 1217 1566 eo
1256 1528 1442 1566 omnium
1481 1528 1603 1576 ydola
1642 1527 1739 1565 talia
1778 1527 1881 1564 relu-

547 1596 697 1633 cerent,
745 1600 835 1624 cum
882 1596 1020 1625 tamen
1058 1587 1113 1624 ibi
1154 1588 1333 1625 relucere
1372 1596 1542 1636 possunt
1578 1609 1637 1614 —
1675 1585 1797 1635 igitur
1836 1586 1882 1623 de

546 1654 639 1682 actu
672 1646 902 1683 necessario
935 1655 995 1683 tot
1027 1647 1207 1684 relucent
1240 1655 1443 1696 quotquot
1475 1645 1665 1695 poterint.

273 1725 386 1761 Again‚
407 1724 515 1759 taking
604 1705 719 1751 Item,
772 1705 930 1754 signato
975 1719 1222 1755 quocunque
1267 1704 1465 1754 possibili,
1511 1706 1609 1742 deus
1654 1702 1883 1741 necessario

283 1769 343 1796 any
365 1760 503 1796 possible
547 1763 737 1813 intelligit
770 1764 883 1811 illud,
918 1774 955 1802 et
977 1765 1109 1802 noscit
1131 1764 1284 1802 noticia
1308 1763 1505 1813 simplicis
1529 1762 1881 1813 apprehensionis,

271 1800 423 1830 creature,
445 1795 517 1822 God

308 1833 418 1895 ξιὲῗεκέιέ
434 1835 481 1893 xng
548 1822 652 1860 sicut
684 1823 915 1861 necessario
949 1823 1079 1861 noscit
1112 1823 1213 1861 illud
1236 1836 1354 1873 posse
1378 1836 1482 1872 esse3
1516 1835 1626 1873 ergo,
1660 1822 1692 1859 si
1716 1821 1884 1871 aliquod

347 1901 447 1930 admit
548 1881 802 1931 intelligibile
842 1884 950 1931 quod
985 1892 1121 1931 posset
1154 1883 1380 1933 intelligere
1413 1896 1495 1920 non
1528 1884 1576 1919 de
1610 1890 1703 1919 actu
1736 1879 1884 1918 intelli-

280 1936 514 2007 Βξξψῖῧὲῑῖξζῒ
548 1950 672 1991 geret,
719 1942 817 1979 deus
857 1941 977 1979 sciret
1016 1944 1124 1991 quod
1159 1942 1414 1992 intelligibile
1447 1942 1533 1991 ipse
1566 1949 1703 1990 posset
1736 1938 1883 1977 intelli—

287 2010 333 2037 He
354 2008 505 2047 does-not
549 2012 641 2048 gere
676 2009 713 2037 et
747 2013 831 2038 non
864 2002 912 2037 de
946 2010 1037 2038 actu
1067 2001 1330 2051 intelligeret:
1364 2002 1476 2051 quod
1499 2010 1557 2038 est
1580 1998 1883 2037 inconveniens.

318 2045 412 2072 know
431 2043 470 2071 m
550 2060 652 2095 Cum
699 2068 835 2096 autem
877 2060 974 2097 deus
1013 2062 1121 2109 apud
1160 2073 1202 2098 se
1241 2060 1428 2099 distincte
1458 2057 1461 2112 Ι
1492 2069 1529 2097 et
1568 2058 1731 2109 proprie
1768 2058 1885 2096 valde

550 2117 728 2166 signaret
782 2127 819 2156 et
871 2118 1023 2161 diceret
1075 2119 1404 2157 intellectualiter
1451 2118 1549 2156 illud
1597 2119 1705 2167 quod
1749 2125 1887 2165 posset

1900 1301 1938 1323 10

1903 1585 1939 1617 15

1902 1889 1944 1911 20

1907 2066 1968 2111 196

551 2176 788 2226 intelligere,
853 2186 891 2214 et
941 2186 1080 2215 tamen
1131 2178 1232 2215 illud
1283 2192 1367 2216 non
1420 2178 1673 2226 intelligeret,
1725 2175 1941 2217 videtur25

553 2236 926 2273 contradiccionern
966 2237 1192 2286 implicare,
1238 2237 1426 2275 distincte
1466 2237 1619 2274 scilicet
1652 2244 1689 2273 et
1722 2234 1886 2285 proprie

553 2294 712 2343 signare
736 2304 774 2332 et
797 2294 932 2332 dicere
948 2295 1380 2343 intellectualiterhoc,
1406 2304 1443 2333 et
1461 2295 1781 2343 nonintelligere
1797 2295 1886 2332 hoc.

287 2375 388 2409 Then,
411 2374 511 2402 God’s
611 2355 930 2402 Argumentatur
968 2355 1090 2404 igitur
1129 2355 1204 2392 sic:
1244 2356 1353 2393 Deus
1387 2354 1625 2404 simpliciter
1656 2352 1886 2391 necessario

283 2410 520 2482 ῢέᾓὲψὲὲξᾶῖῐ,
554 2412 740 2461 intelligit
785 2413 973 2451 distincte
1018 2423 1055 2451 et
1098 2414 1264 2463 proprie
1308 2415 1423 2451 valde
1467 2415 1539 2450 lzoc
1592 2414 1886 2460 (demonstrato

627 2500 641 2519 2
676 2491 857 2525 Capitulum
880 2489 1060 2520 Secundum
1087 2492 1190 2525 deest;
1217 2500 1283 2528 gap
1304 2492 1344 2528 of
1365 2500 1424 2519 one
1442 2492 1505 2519 line
1524 2491 1589 2519 and
1613 2491 1706 2519 blank
1723 2489 1888 2527 spacefor

553 2527 659 2555 initiat
677 2527 712 2555 S.
731 2525 800 2554 MS.
878 2535 919 2563 19·
943 2534 976 2563 90
1005 2535 1062 2562 pro
1082 2536 1156 2563 ergo
1176 2528 1244 2556 MS.
1321 2528 1369 2556 25.
1392 2527 1464 2563 quia
1483 2526 1606 2555 videtur
1628 2526 1694 2554 MS.

629 2588 658 2622 5.
687 2588 886 2630 Speculari.
914 2589 924 2621 1
953 2596 1082 2621 cannot
1109 2589 1210 2622 make
1237 2588 1407 2633 anything
1432 2588 1472 2620 of
1486 2588 1566 2632 this⁷
1595 2600 1659 2620 nor
1678 2588 1719 2621 of
1732 2587 1791 2621 the
1810 2588 1888 2620 four

554 2636 745 2678 preceding
772 2636 902 2668 words.
943 2635 1021 2668 The
1052 2637 1194 2679 general
1226 2647 1341 2677 sense,
1379 2636 1557 2676 however,
1597 2637 1624 2668 is
1658 2636 1754 2678 quite
1785 2635 1887 2669 clear.

555 2685 617 2714 ΜΓ.
644 2683 811 2714 Matthevv
845 2683 964 2715 makes
990 2683 1047 2715 the
1074 2694 1158 2727 very
1190 2684 1377 2726 ingenious
1404 2684 1611 2726 suggestion
1637 2682 1711 2714 that
1736 2681 1888 2715 ‘contra-

553 2730 678 2762 diceio‘
713 2740 792 2773 may
826 2731 926 2762 stand
961 2730 1015 2762 for
1045 2730 1104 2763 the
1132 2730 1312 2764 reflection
1338 2731 1372 2763 in
1400 2730 1459 2762 the
1486 2730 1757 2772 looking-glass.
1799 2729 1887 2761 This

558 2777 674 2808 would
716 2777 851 2818 explain
891 2777 949 2809 the
988 2776 1105 2810 whole
1138 2785 1303 2810 sentence
1338 2785 1371 2810 at
1404 2787 1510 2814 once;
1553 2779 1619 2809 and
1654 2776 1682 2809 if
1703 2776 1762 2809 the
1788 2778 1886 2808 word

557 2824 820 2856 ‘contradiccz'o’
848 2825 875 2855 is
896 2834 1005 2856 never
1025 2825 1110 2856 used
1132 2826 1164 2855 in
1186 2825 1255 2857 this
1274 2836 1389 2869 sense⁷
1420 2835 1471 2856 we
1488 2835 1567 2868 may
1586 2824 1719 2868 readily
1747 2834 1887 2856 assume

558 2872 580 2902 it
607 2877 642 2902 to
669 2872 711 2902 be
740 2881 757 2902 a
786 2871 933 2904 mistalte
959 2872 999 2903 of
1022 2871 1078 2903 the
1106 2873 1257 2915 copyist.
