2067 3365
277 211 329 247 28

311 346 475 374 multitude
495 346 529 374 of

335 382 418 409 thern
441 382 491 416 all,

304 417 384 444 t'rorn
407 417 478 444 then
498 422 529 444 to

288 453 339 479 the
359 452 417 480 end
440 452 474 479 of
490 453 542 480 the
571 459 576 464 ·

357 488 468 515 world.

330 817 392 845 We
413 822 496 845 must

286 853 477 880 understand
502 853 537 888 by

311 896 433 923 genera
454 888 514 915 and

305 924 423 958 species
442 924 523 951 their

342 959 485 986 essential

296 994 527 1021 resemblances

283 1029 322 1065 by
344 1028 445 1056 which
466 1030 538 1065 they

340 1072 391 1091 are
412 1065 483 1091 thus

346 1099 478 1127 classed.

292 1169 325 1196 In
346 1168 417 1201 fact,
440 1169 465 1197 if
482 1169 532 1197 the

286 1205 394 1232 words
416 1205 456 1232 do
478 1210 532 1232 not

270 1248 360 1267 mean
382 1240 454 1273 this,
478 1241 548 1277 they

281 1284 370 1303 mean
393 1276 535 1311 nothing,

269 1346 318 1373 sor
339 1346 411 1381 they
432 1351 548 1374 cannot

292 1382 382 1408 stand
404 1382 452 1409 t'or
473 1382 524 1409 the

301 1425 385 1444 mere
406 1417 516 1451 logical

291 1453 476 1487 conception
499 1452 531 1479 of

267 1488 395 1522 classes,
424 1487 478 1515 but
499 1488 547 1515 for

303 1523 352 1549 the
374 1523 518 1550 intrinsic

304 1566 413 1585 reason
436 1559 516 1586 from

322 1594 422 1620 which
445 1594 495 1620 tlte

299 1629 517 1656 classitication

338 1664 475 1699 springs.

1011 222 1239 254 JOHANNIS
1266 223 1467 256 WYCLIF.
1744 221 1834 249 CAP.
1863 221 1889 247 Υ

570 342 670 389 ydee
704 354 839 378 rerum
865 341 905 377 in
930 350 1061 379 mente
1087 341 1240 386 divina;
1275 342 1370 391 quia
1393 355 1498 392 aque
1521 356 1603 380 non
1627 345 1902 392 produxerunt

570 400 746 436 animam
774 399 974 437 viventem
1000 410 1037 437 et
1056 400 1291 438 motabilem
1315 402 1355 437 in
1372 401 1460 438 illas
1479 402 1611 450 ydeas,
1634 404 1717 440 Nec
1733 412 1902 451 possunt

569 458 739 507 intelligi
775 469 994 507 conceptus
1028 468 1166 496 noster
1197 460 1260 496 vel
1293 469 1432 497 nostra
1465 460 1592 509 signa,
1626 474 1704 510 que
1728 461 1902 499 dicimus

567 530 715 566 genera
748 526 785 554 et
809 518 976 566 species.
1011 520 1093 556 Nec
1125 528 1297 567 possunt
1330 518 1384 555 ibi
1416 519 1586 568 intelligi
1622 520 1902 558 multitudines

566 576 789 613 successive
822 576 1042 614 bestiarum
1076 591 1099 614 a
1132 577 1334 626 principio
1369 578 1510 614 mundi
1543 578 1734 627 usquein
1759 579 1899 627 finem;
1919 581 1935 614 5

568 634 664 683 quia
697 648 801 684 aque
840 635 882 672 in
916 636 1118 685 principio
1154 636 1295 673 mundi
1328 650 1411 673 non
1445 636 1717 685 produxerant
1752 637 1901 675 bestias

567 702 673 731 terre
712 696 934 731 secundum
981 695 1161 744 aliquam
1201 696 1322 732 talem
1364 695 1667 733 multitudinem
1715 696 1898 734 omnium

567 753 733 789 leonum
766 754 827 790 vel
861 753 1045 790 omnium
1082 767 1278 803 equorum
1315 763 1391 793 etc.

627 811 892 860 Intelligende
941 825 1036 861 ergo
1081 812 1135 849 ibi
1181 822 1274 850 sunt
1314 825 1449 850 rerum
1490 812 1651 850 illarum
1695 814 1822 863 magis
1863 823 1901 851 et

569 870 702 907 minus
737 883 976 908 communes
1001 870 1252 920 quidditates
1278 881 1314 909 et
1337 872 1557 919 naturales,
1591 885 1638 909 ac
1663 873 1900 910 essenciales
1921 889 1959 909 10

567 941 701 965 rerum
737 929 1024 967 similitudines
1058 943 1130 979 per
1162 943 1310 979 genera
1343 940 1380 967 et
1409 930 1576 979 species.
1612 934 1715 969 Nam
1741 932 1901 969 videtur

568 989 679 1036 quod
712 987 753 1024 in
785 988 873 1025 illas
908 997 945 1025 et
979 990 1201 1026 secundum
1237 989 1326 1026 illas
1360 989 1610 1039 quidditates
1644 1000 1682 1027 et
1712 991 1901 1028 similitu-

566 1046 679 1083 dines
713 1047 951 1084 essenciales
985 1047 1226 1085 intrinsecas
1259 1047 1326 1086 ille
1359 1048 1486 1087 bestie
1518 1050 1811 1098 producantur.
1852 1053 1900 1087 Et

565 1105 751 1154 queritur
783 1107 833 1143 ab
867 1106 1110 1143 adversariis
1151 1107 1249 1156 quid
1282 1107 1533 1156 pertinenter
1564 1107 1805 1157 intelligitur
1829 1122 1901 1157 per

564 1177 689 1213 genus
724 1173 762 1201 et
794 1165 986 1214 speciem,
1022 1178 1112 1202 cum
1147 1165 1314 1203 dicitur:
1357 1166 1458 1204 “illa
1491 1176 1586 1204 sunt
1620 1167 1799 1204 eiusdem
1835 1174 1956 1216 ge-15

563 1223 716 1270 neris,”
741 1222 773 1260 si
801 1236 884 1260 non
916 1223 1136 1273 quiditates
1159 1225 1369 1273 generales
1400 1234 1438 1262 et
1462 1226 1682 1274 quiditates
1706 1225 1900 1275 speciales

563 1281 843 1331 intelligantur
879 1283 988 1320 iuxta
1022 1283 1315 1321 diffinicionem
1352 1285 1510 1333 generis
1547 1294 1584 1322 et
1621 1285 1784 1334 speciei,
1829 1285 1898 1322 ubi

563 1340 704 1378 dicunt
737 1341 858 1390 logici
893 1343 1003 1391 quod
1037 1355 1162 1391 genus
1196 1352 1255 1380 est
1287 1345 1398 1392 quod
1431 1343 1667 1393 predicatur
1700 1345 1748 1381 de
1773 1344 1897 1393 pluri-

563 1401 635 1436 bus
681 1399 816 1448 specie
862 1400 1155 1448 differentibus,
1202 1401 1242 1438 in
1287 1414 1335 1439 eo
1380 1402 1521 1452 “quod
1565 1402 1663 1452 quid
1696 1404 1772 1440 hoc
1806 1403 1896 1440 est’'

561 1460 786 1495 secundum
818 1461 925 1507 quod
957 1470 1016 1497 est
1047 1460 1224 1509 quiditas
1249 1460 1459 1509 predicata
1482 1463 1531 1498 de
1556 1461 1740 1510 pluribus
1763 1461 1897 1511 specie
1915 1477 1957 1499 20

564 1517 842 1554 differentibus
875 1518 915 1554 in
948 1531 995 1555 eo
1029 1519 1170 1567 “quod
1202 1529 1260 1556 est
1284 1519 1434 1569 quid”:
1469 1521 1579 1570 quod
1602 1534 1683 1558 non
1707 1520 1898 1558 convenit

562 1575 676 1624 signo
700 1576 859 1625 loycali,
894 1586 937 1613 ut
961 1577 1208 1625 huiusmodi,
1241 1591 1314 1615 nec
1338 1578 1459 1616 alicui
1484 1579 1674 1629 quiditati
1698 1579 1895 1628 singulari

562 1644 928 1684 quantumcunque
961 1649 1032 1685 per
1068 1650 1328 1674 communem
1360 1647 1606 1687 conceptum
1640 1638 1898 1687 concipiatur

562 1693 750 1742 quiditas.
788 1694 911 1743 Igitur
934 1695 1177 1743 generalitas
1201 1696 1449 1745 predicatur,
1480 1697 1575 1746 quia
1600 1697 1895 1744 manifestatur,

562 1752 721 1803 dicitur7
767 1762 805 1790 et
849 1753 1102 1802 significatur
1135 1754 1183 1791 de
1216 1755 1401 1804 pluribus
1443 1756 1722 1793 differentibus
1761 1756 1895 1805 specie
1914 1764 1953 1795 25

562 1816 620 1849 2m
655 1813 765 1860 quod
799 1821 856 1849 est
890 1825 1032 1850 eorum
1068 1813 1259 1862 quiditas.
1296 1816 1343 1851 Et
1374 1814 1430 1852 ita
1463 1816 1512 1852 de
1545 1814 1679 1864 specie
1709 1824 1895 1864 respectu

562 1883 703 1907 eorum
739 1884 816 1920 que
850 1885 1023 1909 numero
1057 1872 1259 1912 differunt.

634 2019 676 2046 16.
699 2019 836 2054 quidatis
856 2020 1010 2055 generalis
1030 2025 1058 2048 et
1078 2021 1239 2056 quiditatis
1260 2021 1405 2057 specialis
1425 2021 1639 2057 intelligantur
1658 2022 1724 2050 MS.
