2067 3365
277 248 349 274 102

330 367 437 387 means
458 359 492 386 of

310 401 426 432 words,
449 399 509 426 and

309 436 415 463 words
437 435 514 462 have

364 478 459 506 many

293 505 519 539 significations

288 549 333 568 we
355 549 405 568 are
427 528 533 568 forced

323 581 354 603 to
375 576 498 610 explain

363 611 458 638 these.

338 646 438 674 What
458 646 484 674 is

294 682 472 715 predicated
495 680 529 708 of

278 717 385 752 things
405 718 431 744 is
453 718 544 744 made

298 753 413 780 known
434 757 466 779 to
486 760 523 779 us

282 789 320 824 by
340 787 457 821 words,
480 786 539 814 and

276 831 322 850 we
344 827 427 850 must
447 822 541 850 needs

273 867 327 886 use
348 858 550 885 distinctions

348 901 387 920 on
409 894 474 921 that

340 933 482 956 account.

301 1129 360 1158 We
382 1138 430 1157 see
451 1130 523 1157 how

289 1170 320 1192 to
341 1164 535 1193 understand

318 1200 370 1227 the
391 1201 455 1228 rule
476 1200 511 1228 of

283 1236 439 1264 inference
459 1236 541 1264 from

291 1280 328 1299 an
350 1272 539 1299 affirmation

272 1308 347 1334 with
370 1315 387 1334 a
412 1307 552 1342 negative

290 1342 446 1378 predicate
466 1347 497 1370 to
518 1350 534 1369 a

291 1378 435 1412 negation
458 1378 533 1405 with

291 1421 329 1440 an
351 1413 535 1441 affirmative

273 1449 440 1485 predicate,
463 1457 498 1475 so
519 1456 551 1475 as

273 1489 327 1512 not
353 1489 382 1511 to
409 1484 552 1511 interfere

341 1519 414 1547 with
436 1520 487 1547 the

290 1555 431 1583 Catholic
453 1555 540 1589 saith,

300 1599 357 1618 nor
378 1591 451 1618 with
475 1591 526 1618 the

280 1626 421 1654 doctrine
442 1626 477 1654 of
494 1626 544 1653 the

318 1662 511 1690 Universals.

352 2076 393 2109 (4)
413 2074 481 2102 The

344 2109 488 2138 essential

294 2147 451 2180 goodness
473 2146 507 2173 of
525 2153 539 2171 a

282 2183 368 2217 thing
389 2182 415 2209 is
435 2179 546 2209 indeed

321 2219 417 2245 better
438 2217 510 2244 than

274 2255 325 2282 tlie
351 2254 438 2289 thing
463 2250 554 2284 itself,

317 2290 449 2317 because
469 2288 520 2315 the

302 2326 389 2359 thing
411 2324 435 2351 is
456 2323 529 2359 only

341 2360 441 2396 partly
456 2359 492 2398 *in

325 2402 506 2430 possession

373 2430 408 2457 of
425 2430 457 2458 it.

301 2467 361 2495 We
381 2473 453 2501 may
474 2474 528 2502 say

276 2504 299 2531 it
326 2504 351 2530 is
380 2501 421 2539 of
438 2501 555 2529 infinite

293 2538 463 2574 goodness,
485 2537 538 2564 but

306 2578 359 2602 not
379 2573 528 2608 infinitely

373 2609 465 2643 good.

1000 244 1227 276 JOHANNIS
1256 244 1454 277 WYCLIF.
1703 241 1795 269 CAP.
1816 241 1898 270 XVI.

565 352 693 397 cione‚
728 351 985 400 distingwere
1026 361 1063 388 et
1096 351 1274 388 dividere
1315 351 1702 399 multiplicacionem
1738 352 1899 389 illarum

565 424 756 448 sensuum
792 419 829 447 et
862 410 1200 459 significatorum,
1245 409 1302 446 sic
1335 410 1532 447 obiective
1572 410 1613 447 in
1645 411 1830 448 terminis
1864 420 1903 449 et

565 468 922 519 proposicionibus
947 469 1197 507 existentem.
1234 472 1282 506 Et
1315 468 1346 505 si
1380 468 1557 506 dicatur:
1595 469 1783 507 “Tamen
1813 483 1901 519 pre-

566 528 723 565 dicacio
748 537 805 565 est
829 541 851 565 a
876 537 990 577 parte
1013 528 1082 573 rei,
1109 537 1244 577 preter
1265 527 1461 564 terminos
1487 536 1524 565 et
1548 528 1901 577 proposiciones‚⁷’

564 600 703 625 verum
739 596 818 634 est3
863 588 930 624 sed
967 587 1157 624 distincta
1190 596 1228 624 et
1263 587 1494 633 convoluta,
1537 595 1574 623 et
1608 600 1690 624 non
1723 587 1936 625 involuta5

567 656 604 684 et
647 645 895 692 indistincta,
950 645 1063 682 sicud
1113 655 1171 683 est
1216 658 1310 694 sepe
1355 645 1396 681 in
1442 645 1626 683 terminis
1672 654 1709 683 et
1754 659 1903 695 propo-

565 704 803 742 sicionibus.
836 707 886 741 Et
915 704 1131 741 dicendum
1159 714 1217 741 est
1241 704 1370 742 eciam
1395 704 1460 742 hic
1483 706 1593 753 quod
1623 717 1714 742 cum
1740 705 1902 744 dicitur:

567 764 677 801 “Ista
710 763 856 800 entitas
889 764 1063 812 analoga
1093 772 1152 801 est
1174 776 1256 800 non
1280 763 1453 810 deitas'’‚
1489 763 1719 812 predicacio
1743 777 1764 801 a
1788 773 1903 813 parte

567 822 623 860 rei
657 830 788 871 potest
821 831 857 858 et
891 823 1010 859 debet
1045 822 1187 870 pocius
1222 821 1418 871 distingwi
1454 822 1608 871 [quam]
1643 822 1730 871 ipsa
1771 823 1902 872 predi-

567 880 679 919 cacio
723 882 761 917 in
807 880 992 918 terminis
1039 891 1076 918 et
1121 880 1476 930 proposicionibus
1521 881 1683 921 nostris.
1737 882 1963 927 Verum,1o

566 940 661 990 quia
702 953 773 989 per
810 939 1008 977 terminos
1049 949 1085 977 et
1119 940 1428 989 proposiciones
1464 940 1694 977 obiciuntur
1727 949 1765 977 et
1798 953 1903 978 asse-

566 1008 710 1035 runtur
733 998 849 1035 nobis
872 998 1181 1047 predicaciones
1211 1012 1233 1036 a
1257 1007 1372 1048 parte
1397 999 1464 1047 rei,
1499 999 1591 1036 ideo
1617 999 1904 1037 convenienter

566 1058 607 1095 in
641 1058 695 1094 eis
728 1057 818 1094 illas
852 1057 1156 1106 distingwimus.

626 1119 674 1154 Et
706 1125 819 1165 patet
852 1128 896 1153 ex
926 1116 1041 1153 dictis
1066 1118 1276 1166 quomodo
1299 1117 1521 1153 secundum
1549 1125 1702 1154 rectam
1727 1117 1902 1166 logicam

568 1176 685 1212 debet
718 1174 889 1224 intelligi
922 1176 1059 1224 regula
1093 1176 1286 1225 arguendi
1326 1177 1376 1212 ab
1410 1175 1656 1212 affirmativa
1689 1177 1738 1213 de
1771 1176 1962 1225 precli-15

568 1243 659 1271 cato
693 1234 852 1271 infinito
886 1236 934 1271 ad
970 1235 1201 1283 negativam
1237 1236 1285 1271 de
1315 1234 1526 1283 predicato
1552 1234 1681 1285 finito,
1716 1243 1754 1271 et
1775 1236 1903 1283 decet,

568 1302 605 1331 et
637 1293 911 1331 necessarium
948 1303 1019 1339 est,
1066 1294 1243 1342 logicum
1279 1293 1531 1330 katholicum
1573 1294 1694 1331 talem
1729 1294 1904 1343 logicam

568 1361 709 1389 contra
754 1352 937 1389 infideles
981 1365 1163 1403 noscere,
1210 1366 1260 1389 ne
1310 1352 1462 1389 diceret
1509 1352 1722 1390 materiam
1768 1362 1906 1390 sancte

568 1411 661 1448 fidei
710 1411 913 1449 katholice
958 1413 1006 1449 de
1049 1411 1232 1449 trinitate
1277 1424 1544 1460 personarum
1592 1411 1632 1448 in
1679 1411 1823 1449 divinis
1868 1421 1906 1449 et

568 1470 723 1507 unitate
756 1469 988 1508 substancie
1028 1482 1113 1508 esse
1146 1470 1413 1519 impossibile,
1449 1483 1541 1507 cum
1572 1467 1575 1524 Ι
1605 1471 1764 1507 tolleret
1797 1471 1907 1509 iuxta
1953 1475 2037 1509 238⁴·

568 1541 636 1566 eos
684 1538 968 1577 argumentum
1014 1530 1287 1566 necessarium
1324 1531 1373 1566 ab
1407 1529 1651 1566 affirmativa
1692 1530 1740 1566 de
1772 1530 1906 1579 predi-

569 1597 660 1625 cato
713 1588 873 1625 infinito
928 1589 978 1625 ad
1031 1588 1261 1637 negativam
1316 1589 1363 1625 de
1410 1587 1619 1637 predicato
1667 1588 1796 1637 finito,
1850 1588 1906 1626 sic

569 1648 797 1695 arguendo:
831 1647 902 1684 Illa
937 1647 1116 1685 essencia
1149 1647 1283 1684 divina
1316 1657 1374 1684 est
1407 1660 1488 1684 non
1514 1646 1638 1694 filius3
1672 1647 1804 1696 igitur,
1839 1647 1907 1685 illa

569 1719 649 1743 non
684 1715 740 1742 est
774 1706 892 1745 filius.
939 1707 1054 1743 Patet
1088 1715 1221 1743 autem
1257 1708 1481 1743 secundum
1515 1706 1687 1754 logicam
1722 1706 1908 1755 superius

570 1765 781 1802 recitatam
830 1766 1038 1814 quomodo
1084 1765 1134 1802 ad
1179 1767 1422 1803 antecedens
1456 1774 1505 1802 >et
1551 1777 1804 1814 consequens
1857 1767 1906 1803 ad
1926 1772 1964 1804 25

570 1824 909 1873 consequenciam
944 1832 1002 1861 est
1034 1823 1267 1872 dicendum,
1301 1825 1455 1862 salvata
1489 1837 1647 1861 summe
1679 1824 1910 1862 necessaria

570 1885 736 1921 veritate
781 1883 829 1920 de
873 1882 1054 1920 trinitate
1099 1896 1366 1932 personarum
1416 1892 1452 1920 et
1493 1883 1647 1920 unitate
1680 1883 1909 1921 substancie

570 1943 611 1979 in
644 1943 732 1988 deo,
781 1950 818 1979 et
852 1941 1121 1979 consimiliter
1153 1942 1193 1979 in
1227 1955 1300 1979 suo
1335 1952 1424 1979 ente
1458 1943 1633 1991 anologo
1679 1951 1717 1979 et
1755 1942 1795 1978 in
1828 1942 1909 1979 suis

570 2000 866 2038 universalibus
900 2013 978 2050 que
1012 2002 1131 2039 rebus
1165 2001 1436 2050 singularibus
1473 2001 1613 2038 mundi
1647 2000 1808 2038 indidit.

629 2061 691 2098 Ad
745 2068 935 2109 quartum
991 2060 1230 2097 conceditur
1282 2062 1390 2110 quod
1455 2060 1613 2098 bonitas
1677 2059 1909 2098 essencialis
1926 2067 1968 2100 30

572 2120 863 2156 transcendens
897 2119 1068 2156 alicuius
1103 2119 1159 2156 rei
1202 2128 1260 2156 est
1294 2119 1437 2157 melior
1471 2132 1593 2168 quam
1634 2119 1719 2167 ipsa
1760 2131 1822 2156 res
1855 2120 1909 2156 sic

572 2180 680 2215 bona
714 2177 988 2215 essencialiter
1021 2191 1094 2227 pro
1128 2187 1258 2225 tanto,
1292 2178 1387 2227 quia
1413 2179 1504 2216 talis
1527 2191 1589 2215 res
1612 2177 1743 2227 (sicud
1768 2190 1908 2226 equus,

571 2236 707 2286 gracia
742 2237 933 2286 exempli)
965 2238 1097 2274 solum
1133 2238 1354 2275 secundum
1389 2238 1486 2287 quid
1512 2246 1548 2274 et
1572 2250 1652 2274 non
1676 2236 1911 2285 simpliciter

572 2297 693 2333 habet
739 2295 850 2332 illam
886 2295 1110 2333 bonitatem
1153 2297 1367 2345 analogam
1407 2296 1464 2333 sic
1497 2295 1748 2345 simpliciter.
1805 2295 1911 2332 Indi-

570 2355 734 2392 viduum
783 2355 948 2392 alicuius
996 2355 1142 2403 speciei
1188 2356 1248 2392 vel
1292 2355 1451 2403 generis
1495 2355 1618 2403 igitur
1665 2368 1748 2392 non
1788 2354 1967 2394 habet35

571 2413 764 2461 totaliter,
805 2414 874 2450 sed
909 2413 1157 2464 parcialiter,
1196 2422 1349 2451 tantam
1387 2413 1610 2451 bonitatem
1651 2426 1722 2451 sue
1761 2412 1910 2461 speciei

571 2474 633 2509 vel
667 2472 728 2510 sui
761 2472 939 2521 generis;
981 2472 1105 2521 igitur
1143 2485 1226 2509 non
1261 2482 1319 2510 est
1352 2473 1605 2510 individuum
1641 2481 1723 2510 tam
1760 2473 1909 2509 bonum

573 2531 847 2569 essencialiter
880 2530 995 2568 sicud
1029 2544 1099 2568 sua
1133 2531 1289 2580 species
1323 2541 1382 2569 est
1412 2534 1533 2578 bona,
1564 2533 1625 2569 vel
1647 2532 1760 2568 sicud
1784 2542 1910 2579 genus

572 2604 689 2627 suum
736 2599 796 2628 est
842 2591 1008 2629 bonum.
1062 2593 1111 2627 Et
1156 2599 1289 2639 potest
1336 2591 1400 2628 hic
1449 2590 1615 2628 concedi
1656 2591 1765 2639 quod
1806 2588 1910 2626 sicut

572 2649 751 2698 quelibet
784 2661 846 2686 res
881 2650 1001 2686 habet
1035 2648 1074 2686 in
1107 2661 1148 2686 se
1182 2649 1409 2687 formaliter
1447 2649 1648 2686 infinitam
1686 2647 1908 2686 bonitatem
1925 2662 1970 2694 40

643 2795 665 2814 1.
688 2777 980 2819 multiplicatffnls.
1054 2797 1083 2823 9.
1106 2795 1199 2822 quam
1220 2785 1307 2814 deest
1325 2786 1391 2814 MS.

646 2848 696 2882 15.
723 2847 922 2891 Arguendz'.
961 2848 997 2880 In
1024 2849 1190 2891 ordinary
1218 2858 1327 2890 cases⁷
1361 2858 1378 2879 a
1406 2858 1488 2890 very
1517 2847 1609 2889 plain
1637 2847 1726 2886 rule;
1762 2846 1849 2878 This
1876 2847 1908 2879 is

573 2906 589 2927 a
618 2896 819 2937 not-apple:
906 2894 974 2926 this
1001 2895 1032 2927 is
1058 2897 1119 2927 not
1146 2906 1188 2926 an
1216 2895 1330 2937 apple.
