2067 3365
182 593 193 623 5

159 892 196 912 10

159 1473 200 1493 20

163 2047 202 2079 30

164 2337 203 2371 35

637 244 697 276 DE
726 242 1102 275 UNIVERSALIBUS.

273 351 518 386 Corez‘arium
534 348 638 387 5²⁸²&
663 350 820 386 Primus
844 348 1035 385 articulus
1060 377 1067 385 .
1094 379 1100 386 .
1125 378 1132 386 .
1157 378 1163 385 .
1187 356 1230 383 ut
1249 357 1532 395 proponuntur

312 439 318 446 .
353 416 443 445 sunt
476 408 575 452 falsi,
611 420 700 444 cum
725 409 800 443 sint
824 420 868 443 ex
892 406 1151 443 conclusione
1185 405 1277 441 licet
1312 434 1319 442 .
1346 435 1353 443 .
1379 433 1386 441 .
1411 436 1418 443 .
1452 405 1531 442 alio

314 495 322 503 .
356 465 563 514 supposita
597 465 673 502 sint
706 477 810 502 vera.
845 467 958 501 Patet
991 475 1064 501 etc.

274 524 476 560 Conclusio
511 527 567 561 2³.
604 523 796 569 Quamvis
829 522 981 571 species
1014 521 1302 571 specialissima
1333 521 1448 557 realis
1475 524 1531 557 2¹¹¹

212 581 430 618 essenciam
479 590 536 618 est
580 581 717 618 omnia
761 594 831 617 sua
877 580 1101 629 supposita,
1148 579 1361 616 cuiuslibet
1398 587 1532 614 tamen

211 639 358 688 speciei
397 639 686 687 specialissime
725 639 891 676 actualis
931 639 1068 675 omnia
1107 637 1315 686 supposita
1354 636 1455 672 inter
1494 649 1533 672 se

214 698 485 734 essencialiter
524 697 847 745 distinguuntur,
900 699 975 734 Pro
1014 696 1144 745 prima
1184 704 1297 744 parte
1331 696 1534 731 conclusio

214 764 321 804 patet
370 767 412 792 ex
458 759 500 793 2a
543 765 656 803 parte
700 755 952 803 precedentis
1000 753 1281 791 conclusionis.
1337 754 1412 789 Sed
1463 765 1534 800 pro

214 815 389 850 secunda
434 822 546 861 parte
591 815 785 861 probatur
825 815 872 850 de
917 813 1132 862 suppositis
1165 811 1312 861 speciei
1347 812 1534 847 humane.

214 875 261 908 Et
307 871 567 909 conformiter
616 880 922 919 argumentatur
967 873 1015 908 de
1059 870 1278 919 suppositis
1324 868 1536 906 cuiuslibet

214 930 377 967 alterius
411 929 555 978 speciei
590 930 771 967 actualis.
825 932 874 966 Et
906 938 1214 977 argumentatur
1252 928 1327 965 sic:
1360 927 1535 975 Aliquod

214 987 430 1024 intrinsece
464 988 734 1024 essencialiter
768 988 952 1024 convenit
976 989 1082 1025 Sorti
1106 989 1215 1036 quod
1238 999 1320 1023 non
1350 984 1536 1022 convenit

216 1045 393 1092 Platoni3
429 1058 520 1093 ergo
545 1045 734 1083 differunt
758 1045 1041 1084 essencialiter.
1074 1048 1122 1082 Et
1145 1047 1198 1083 sic
1230 1052 1537 1093 argumentatur

215 1106 262 1140 de
295 1104 396 1142 aliis.
428 1105 679 1141 Antecedens
712 1106 925 1153 probatur3
959 1104 1053 1153 quia
1087 1116 1168 1140 esse
1200 1104 1311 1139 istum
1346 1103 1536 1139 hominem

182 1164 509 1209 5(demonstrato
533 1163 662 1206 Sorte)
700 1163 818 1199 habet
851 1163 958 1211 quod
992 1162 1042 1199 sit
1067 1162 1173 1198 Sorti
1198 1171 1235 1198 et
1258 1173 1340 1197 non
1366 1159 1536 1203 Platoni,

216 1234 287 1257 nec
321 1220 439 1257 alicui
472 1220 605 1269 alteri3
653 1229 689 1257 et
721 1234 801 1257 non
836 1220 1153 1266 accidentaliter,
1194 1232 1302 1267 ergo,
1343 1219 1538 1255 essencia-

216 1279 317 1315 liter.
351 1279 602 1316 Antecedens
636 1291 709 1327 pro
744 1279 876 1327 prima
910 1288 1024 1327 parte
1056 1288 1197 1315 notum
1235 1286 1303 1323 est,
1338 1290 1427 1313 cum
1464 1278 1539 1312 Sor

217 1337 265 1373 sit
289 1338 357 1373 iste
379 1339 491 1373 homo
515 1337 811 1385 (demonstrato
836 1339 965 1381 Sorte)
992 1349 1086 1384 ergo
1109 1349 1190 1373 esse
1213 1337 1325 1372 istum
1348 1335 1538 1371 hominem

218 1397 509 1439 (demonstrato
533 1396 624 1443 Sor)
659 1394 845 1432 convenit
868 1395 988 1433 Sorti.
1018 1396 1095 1432 Sed
1128 1408 1202 1443 pro
1226 1394 1403 1430 secunda
1426 1401 1539 1441 parte

218 1455 412 1502 probatur
445 1453 519 1502 sic;
559 1453 653 1501 quia
685 1453 740 1490 sic
774 1456 848 1490 Sor
880 1453 1140 1490 numeraliter
1173 1461 1230 1489 est
1263 1453 1400 1502 homo,
1434 1452 1540 1499 quod

218 1512 274 1548 sic
319 1511 580 1548 numeraliter
612 1512 726 1548 Plato
771 1525 851 1548 non
898 1520 955 1548 est
1000 1512 1141 1560 homog
1188 1511 1284 1547 alias
1325 1511 1397 1546 Sor
1439 1518 1540 1545 esset

219 1571 350 1614 Platog
397 1579 433 1606 et
467 1583 486 1606 e
519 1582 724 1606 converso.
770 1571 859 1606 Non
905 1579 962 1608 est
999 1583 1137 1606 verum
1178 1581 1269 1616 ergo
1309 1581 1388 1604 esse
1426 1567 1538 1603 istum

218 1629 408 1665 hominem
434 1628 548 1664 alteri
573 1640 615 1663 ex
640 1630 779 1664 eadem
804 1641 937 1667 causa.
972 1630 1048 1665 Pro
1082 1632 1126 1677 3a
1154 1636 1267 1676 parte
1301 1627 1540 1663 antecedens

217 1688 272 1723 sic
305 1688 519 1735 probatum
553 1686 649 1734 quia
682 1686 780 1723 alias
813 1699 896 1724 esse
928 1686 1040 1723 istum
1064 1687 1252 1723 hominem
1277 1684 1540 1721 numeraliter

162 1776 174 1785 ,,
218 1746 512 1789 <demonstrato
546 1744 677 1794 Sorte)
721 1755 855 1793 posset
900 1746 1038 1783 abesse
1072 1744 1193 1789 Sorti,
1245 1752 1282 1780 et
1320 1743 1376 1779 sic
1420 1750 1541 1778 staret

219 1806 374 1840 Sortem
410 1816 494 1839 esse
528 1812 564 1839 et
598 1802 727 1851 ipsum
763 1816 843 1840 non
877 1815 959 1840 esse
993 1804 1104 1840 istum
1140 1803 1331 1839 hominem
1356 1812 1541 1837 numera-

218 1861 307 1898 liter
341 1862 673 1907 (demonstrando
707 1863 811 1911 Sor»,
845 1871 882 1898 et
916 1861 970 1898 sic
999 1863 1073 1898 Sor
1105 1861 1225 1897 simul
1257 1868 1358 1897 esset
1392 1868 1428 1896 et
1461 1871 1542 1894 non

218 1929 339 1957 esset:
375 1921 482 1968 quod
517 1928 575 1956 est
607 1919 892 1957 contradiccio.

282 1978 727 2027 Cot-elariumprimum,
752 1980 841 2014 Non
858 1978 1055 2027 sequitur:
1081 1980 1156 2015 Sor
1172 1986 1208 2013 et
1224 1977 1336 2013 Plato
1356 1975 1543 2011 differunt

219 2036 516 2073 individualiter
567 2036 908 2082 substancialiter3
963 2049 1057 2085 ergo
1111 2036 1300 2072 differunt
1343 2033 1540 2083 specifice.

220 2097 331 2131 Patet
364 2107 406 2131 ex
441 2094 713 2141 conclusione,
748 2095 841 2143 quia
876 2097 951 2132 Sor
984 2104 1020 2131 et
1054 2095 1164 2131 Plato
1189 2093 1379 2130 differunt
1413 2104 1543 2128 essen-

220 2153 375 2189 cialitcr
419 2153 756 2195 substancialiter‚
808 2153 1084 2199 numeraliter,
1133 2161 1170 2189 et
1216 2151 1459 2188 conveniunt
1504 2149 1544 2186 in

220 2211 349 2260 prima
382 2211 513 2259 specie
546 2211 767 2248 communi.
804 2215 849 2248 Et
880 2211 1103 2249 conclusio:
1137 2214 1428 2259 Argumentum
1464 2221 1544 2245 non

221 2269 425 2306 concludit
458 2283 537 2318 quo
578 2278 885 2317 argumentatur
926 2279 1066 2306 contra
1101 2268 1400 2306 conclusionem
1436 2268 1543 2315 quod

221 2328 373 2377 species
405 2327 696 2376 specialissima
729 2340 809 2364 non
843 2337 900 2364 est
932 2328 1086 2377 species
1119 2326 1421 2376 specialissima.

285 2386 531 2423 Corelarium
573 2390 642 2423 2⁷²².
692 2386 940 2435 Impossibile
987 2395 1042 2423 est
1088 2398 1171 2423 esse
1216 2386 1296 2421 duo
1341 2383 1545 2420 individua

223 2444 400 2481 eiusdem
447 2444 595 2493 speciei
640 2444 925 2493 specialissime
977 2458 1054 2493 que
1108 2444 1302 2493 equaliter
1353 2443 1546 2479 haberent

224 2504 407 2539 eumdem
434 2504 602 2551 gradum
630 2503 890 2539 essencialem
917 2504 1154 2539 naturalem.
1190 2504 1317 2540 Patet.
1352 2501 1445 2550 quia
1470 2502 1545 2537 Sor

295 2705 315 2724 1.
345 2687 448 2736 griffi*
476 2696 506 2723 ir
537 2687 579 2724 τῆ
608 2697 672 2723 ils.
749 2706 774 2724 2.
804 2687 861 2724 sno
896 2697 960 2723 ‚usn
1040 2697 1080 2723 ιε.
1111 2698 1150 2730 φτ
1181 2696 1247 2722 us.
1322 2694 1370 2723 30.
1400 2695 1446 2722 inr
1478 2694 1543 2721 ,usn

224 2755 271 2783 33.
294 2760 325 2790 ῳ
349 2755 415 2782 ,us
492 2755 538 2783 ss.
563 2741 660 2782 n'liiem
683 2755 749 2782 ms.

300 2827 324 2846 1.
350 2815 509 2847 Primus.
549 2816 556 2846 l
590 2815 679 2846 have
712 2816 833 2856 placed
867 2825 952 2857 gaps
985 2815 1080 2852 here⁷
1126 2821 1184 2844 not
1222 2814 1275 2845 for
1319 2814 1435 2845 words
1474 2812 1545 2844 that

227 2862 233 2892 l
264 2863 366 2893 could
396 2869 455 2893 not
482 2862 581 2893 make
610 2869 680 2902 out,
709 2862 769 2893 but
796 2861 850 2893 for
875 2862 1054 2904 supposed
1082 2861 1282 2892 omissions,

1746 233 1820 280 183

1572 528 1705 562 Though
1727 528 1800 555 each

1578 563 1749 590 individua]
1772 563 1797 589 is

1558 598 1595 625 iis
1617 598 1747 632 species,
1768 602 1813 634 yet

1628 633 1702 660 each
1724 633 1750 659 is

1603 668 1778 703 essentially

1576 702 1701 729 distinct
1721 702 1801 730 from

1585 745 1673 771 every
1693 738 1791 764 other.

1612 935 1674 962 For
1694 936 1765 961 each

1568 970 1737 998 individua]
1760 970 1814 996 has

1560 1005 1631 1038 this,
1653 1005 1716 1032 that
1736 1004 1772 1031 he
1793 1004 1817 1030 is

1564 1045 1616 1068 not
1636 1048 1694 1074 any
1715 1039 1814 1066 other.

1617 1074 1675 1102 aud
1698 1074 1720 1102 it
1740 1074 1766 1101 is

1593 1109 1736 1137 essentia]
1757 1113 1786 1135 to

1597 1145 1659 1172 him
1683 1145 1730 1177 (or
1750 1144 1786 1170 he

1641 1179 1745 1206 would

1577 1214 1745 1241 otherwise
1766 1221 1805 1240 no

1579 1250 1687 1284 longer
1708 1249 1743 1275 be
1764 1256 1800 1275 an

1592 1284 1787 1317 individual).

1600 1982 1625 2009 11
1646 1981 1720 2008 docs
1742 1986 1792 2008 not

1558 2018 1675 2051 follow,
1704 2017 1832 2043 because

1634 2051 1718 2078 there
1739 2051 1764 2077 is

1627 2087 1768 2114 essentia}

1569 2124 1743 2157 dirici-enee,
1764 2123 1826 2148 that

1606 2159 1675 2193 the)v
1697 2157 1787 2184 differ

1600 2192 1796 2230 specifically.

1583 2395 1610 2423 ii·
1626 2400 1686 2422 two
1708 2394 1815 2427 beings

1589 2439 1670 2459 were
1690 2430 1806 2490 ω’(εοῑῖἶγ

1594 2464 1801 2535 ῗὴῖἓὲἒῖἳιὲξ

1577 2537 1680 2564 would
1702 2536 1738 2563 be
1759 2541 1817 2561 one
