2067 3365
12 990 74 1021 203

76 1292 113 1312 10

74 1572 109 1604 15

69 1875 109 1895 20

66 2156 105 2188 25

65 2449 106 2480 30

474 710 804 757 CAPITULUM
841 708 1124 762 QUINTUM.

191 817 238 851 Et
289 823 573 863 argumentum
628 814 777 850 factum
832 814 1005 862 primum
1063 814 1183 850 simul
1228 827 1301 862 pro
1347 828 1455 851 com·
1485 820 1545 848 We
1566 821 1642 848 shall
1666 829 1736 848 now

134 872 322 909 munibus
344 872 454 920 ydeis
479 881 515 908 et
538 871 831 909 universalibus
854 872 996 908 formis
1013 873 1130 909 rebus
1150 872 1454 910 inexistentibus
1505 855 1717 926 gffg‘ffilffg'mssffi

132 930 195 967 hic
229 944 302 979 pro
336 930 507 979 repetito
541 932 774 976 habeamus,
823 930 1043 967 adicientes
1077 930 1212 979 aliqua
1246 933 1375 979 plura,
1421 932 1453 968 si
1492 925 1725 988 faffiffiffeffafge

132 989 233 1026 forte
266 989 412 1026 veritas
442 990 446 1036 Ι
475 988 592 1025 huius
626 989 793 1026 materie
827 989 1062 1037 dignaretur
1085 989 1276 1037 amplius,
1311 989 1451 1036 lacius,
1517 982 1651 1035 existing}
1671 997 1700 1023 in

131 1055 168 1083 et
211 1047 450 1096 profundius
488 1046 604 1084 nobis
647 1047 869 1096 ceterisque
909 1048 1141 1084 clarescere.
1210 1049 1257 1084 Et
1297 1047 1454 1084 videtur
1549 1032 1665 1066 things.

130 1105 194 1142 hic
227 1107 591 1153 argumentandum
634 1106 703 1142 tali
739 1107 874 1145 modo.
928 1106 1063 1142 Placet
1102 1107 1177 1142 deo
1216 1106 1454 1154 simpliciter

131 1176 292 1200 necesse
324 1176 444 1200 omne
477 1165 627 1200 bonum
663 1176 748 1201 esse
781 1165 947 1209 bonum,
982 1163 1084 1200 sicut
1117 1165 1213 1199 deus
1247 1165 1453 1212 placenter

129 1231 166 1258 et
199 1221 437 1270 simpliciter
468 1223 563 1259 wult
595 1235 715 1259 omne
749 1224 899 1259 bonum
935 1234 1018 1258 esse
1051 1223 1222 1258 bonum:
1257 1222 1381 1270 igitur
1410 1235 1452 1259 ex

129 1290 337 1329 assumpto
377 1290 434 1317 est
474 1281 635 1329 placens
676 1281 750 1317 deo
792 1279 1030 1328 simpliciter
1069 1281 1299 1317 necessario
1332 1294 1452 1318 omne

129 1340 275 1375 bonum
311 1351 394 1375 esse
429 1340 581 1375 bonum
616 1338 691 1375 nisi
716 1338 879 1387 placens
903 1351 1133 1384 commune,
1169 1338 1320 1375 scilicet
1344 1352 1452 1375 com-

129 1409 249 1433 mune
288 1398 435 1434 bonum
477 1396 699 1434 formaliter
744 1396 933 1433 omnibus
967 1396 1082 1433 bonis
1115 1396 1341 1433 inexistens.
1397 1399 1451 1433 Ex
1566 1403 1650 1443 Thi-sq

128 1464 399 1503 consequente
431 1455 500 1492 illo
533 1454 672 1491 leviter
705 1454 918 1491 deducitur
951 1454 1179 1492 communis
1219 1455 1450 1492 humanitas
1500 1444 1713 1510 Ἧῖξὲῗῖἧζῖἓ

127 1514 166 1550 in
211 1513 457 1561 hominibus,
508 1513 736 1550 communis
781 1512 983 1562 equinitas
1016 1513 1055 1549 in
1088 1512 1277 1550 omnibus
1317 1510 1741 1571 eqUiS²Gooc⁸fi¹roisdxiiined

127 1581 164 1608 et
197 1572 252 1608 sic
286 1573 334 1608 de
369 1571 469 1608 aliis.
523 1574 570 1608 Et
603 1573 810 1620 quomodo
844 1571 1082 1608 adversariis
1116 1571 1263 1620 poterit
1295 1573 1449 1609 salvare
1500 1579 1537 1614 by
1559 1565 1629 1618 'God
1652 1582 1712 1606 and

127 1632 233 1678 quod
285 1631 404 1667 liceat
450 1630 676 1678 cuicunque
721 1631 927 1679 placenter
973 1630 1139 1678 diligere
1184 1631 1291 1678 quod
1337 1643 1449 1667 omne
1488 1615 1722 1677 Ηῖιῑῇῗὸἷέᾗρξᾍ

126 1690 264 1725 bonum
288 1696 343 1725 est
366 1689 518 1738 bonum,
553 1698 589 1725 et
622 1698 758 1725 tamen
792 1702 872 1725 non
907 1688 1025 1725 liceat
1058 1688 1131 1725 sibi
1156 1689 1314 1736 placere
1340 1690 1447 1737 quod
1510 1692 1556 1711 we
1578 1685 1695 1713 readilv

126 1760 246 1783 omne
286 1748 435 1784 bonum
478 1755 535 1783 est
569 1748 743 1783 bonum?
797 1756 864 1783 aut
902 1748 1109 1796 quomodo
1149 1747 1300 1783 diceret
1339 1749 1445 1796 quod
1463 1719 1740 1787 lJn‘ivegrusffist;hgnd

126 1814 307 1842 creature
351 1805 651 1842 racionabiliter
697 1806 827 1853 placet
872 1806 980 1854 quod
1028 1818 1148 1842 omne
1196 1807 1347 1842 bonum
1390 1791 1741 1852 est¹t¹⁵ngtffi¹¹ffgp¹e

126 1865 289 1914 bonum7
323 1873 360 1900 et
393 1865 502 1912 quod
535 1865 609 1900 deo
643 1877 723 1900 non
755 1864 932 1912 placeret
955 1863 1195 1912 simpliciter
1218 1864 1447 1900 necessario
1523 1860 1677 1895 gainsaid.

125 1923 232 1970 quod
266 1935 386 1959 omne
420 1924 570 1959 bonum
606 1931 663 1959 est
696 1923 873 1959 bonum?
907 1931 976 1958 aut
1009 1924 1218 1970 quomodo
1241 1922 1447 1970 simplices

125 1980 261 2017 fideles
296 1981 443 2017 ferrent
476 1982 565 2027 hoe,
600 1993 690 2017 cum
719 1980 863 2028 pagani
887 1980 1094 2018 obicerent
1119 1980 1194 2018 eis:
1230 1982 1447 2026 Quomodo

124 2040 221 2075 deus
272 2048 400 2075 vester
452 2047 509 2075 est
548 2038 786 2087 simpliciter
831 2041 972 2086 bonus,
1020 2052 1111 2075 cum
1156 2052 1238 2075 non
1290 2039 1447 2087 placeat

123 2097 197 2133 sibi
231 2099 341 2146 quod
374 2110 494 2134 omne
528 2099 678 2133 bonum
714 2106 771 2133 est
796 2097 976 2134 bonum?
1009 2097 1108 2143 Quis
1132 2097 1259 2134 eciam
1284 2097 1448 2134 audebit

123 2155 394 2203 dogmatisare
417 2155 668 2204 simplicibus
692 2155 876 2193 fidelibus
900 2157 1007 2204 quod
1033 2157 1109 2192 hoc
1132 2169 1213 2192 non
1229 2165 1286 2192 est
1308 2165 1447 2192 tenen·
1465 2173 1604 2203 Wliover
1631 2176 1739 2204 denies

122 2215 231 2259 dum,
265 2215 373 2262 quod
407 2214 557 2250 “omne
581 2215 730 2250 bonum
756 2223 813 2250 est
837 2214 1036 2250 bonum”.
1072 2214 1112 2251 Si
1136 2223 1270 2250 autem
1295 2215 1367 2251 hoc
1389 2224 1446 2251 est
1475 2210 1736 2282 ffifiSngeffysSfflSe

121 2273 354 2322 tenendum,
393 2273 500 2321 quod
564 2272 698 2309 ‘omne
736 2274 886 2309 bonum
929 2281 986 2308 est
1019 2272 1217 2318 bonum'’‚
1264 2272 1447 2321 queritur
1497 2289 1570 2317 very
1590 2281 1657 2321 ideal
1677 2283 1712 2309 of

122 2330 219 2379 quid
253 2332 553 2367 demonstratur
585 2343 656 2379 per
689 2331 735 2381 ly
770 2331 932 2373 “11‘oc’⁷;
988 2340 1024 2367 et
1059 2344 1141 2367 non
1176 2330 1337 2367 dabitur
1368 2331 1445 2367 nisi
1505 2316 1703 2386 Evgrojffijng

123 2401 338 2425 commune
371 2391 521 2427 bonum
556 2389 780 2426 formaliter
813 2389 924 2425 omni
959 2389 1058 2427 enti:
1093 2389 1213 2437 igitur
1241 2389 1445 2437 simplices

122 2446 291 2484 firmiter
328 2456 508 2485 tenentes
543 2448 619 2484 hoc
653 2449 762 2496 quod
797 2447 947 2484 “omne
982 2449 1131 2484 bonum
1167 2456 1224 2484 est
1257 2448 1442 2484 bonum‘'

122 2505 292 2542 firmiter
335 2514 471 2542 tenent
515 2519 774 2542 communem
821 2505 1042 2542 bonitatem
1090 2506 1292 2544 omnibus.
1345 2508 1441 2542 Item
1470 2502 1728 2571 εξῐξὲἓέῑῑῧῐῐξὲἃὲῒ,

120 2571 218 2600 tunc
250 2576 333 2600 non
377 2573 434 2601 est
473 2564 780 2612 predicandum,
827 2566 1060 2606 tenendum,
1109 2573 1145 2600 et
1179 2564 1508 2611 diligendum‚tlie
1524 2572 1734 2602 Predestined.

122 2623 230 2670 quod
274 2621 475 2671 “quilibet
520 2622 818 2671 predestinatus
865 2623 939 2659 erit
984 2622 1168 2669 beatus”,
1220 2635 1293 2659 nec
1341 2632 1444 2659 esset

193 2823 215 2842 1.
237 2814 418 2848 Capitulum
446 2815 589 2850 quintum
616 2814 711 2842 deest.
790 2824 817 2843 2.
839 2823 858 2842 α
887 2822 969 2850 ‚tram
988 2815 1091 2842 BlanA·
1110 2816 1276 2851 δραι-σχοι-
1295 2816 1399 2843 initia!
1418 2814 1446 2843 Ε

120 2848 188 2877 MS.
263 2858 303 2877 11.
326 2849 380 2877 rnsi
401 2849 484 2884 MS.;
506 2850 545 2877 ib.
567 2850 619 2877 sed
637 2858 698 2885 pro
720 2849 836 2878 scilicet
856 2849 922 2877 MS.
