2067 3365
164 234 252 261 CAP·
274 234 325 261 IV-
585 237 644 268 DE
672 237 1049 270 UNIVERSALIBUS.

163 344 325 391 propria
363 344 476 390 ydea,
523 355 612 379 cum
655 351 739 379 erat
777 356 922 391 purum
964 356 1079 379 suum
1117 356 1198 380 esse
1230 344 1483 392 intelligibile

164 400 388 449 proprium.
423 402 531 437 Ydea
563 410 697 437 autem
732 413 806 437 nec
839 410 930 438 ante
963 414 1045 438 esse
1077 412 1260 439 creature
1285 415 1358 439 nec
1383 412 1483 451 post,

163 472 236 496 nec
269 459 308 495 in
341 471 423 495 esse
455 468 650 502 creature,
688 468 745 495 est
778 459 932 506 asinus3
980 472 1053 496 nec
1087 469 1144 496 est
1177 460 1241 497 hic
1276 460 1485 497 conversio

164 516 526 565 consequencialis:
567 516 743 553 “Asinus
778 526 834 553 est
867 518 927 553 vel
961 526 1045 554 erat
1077 520 1196 567 ydea3
1230 518 1351 566 igitur
1385 520 1486 567 ydea

129 583 221 618 §est
263 576 323 612 vel
369 584 454 611 erat
498 574 676 614 asinus.‘’
723 575 834 611 Sicut
873 575 977 612 enim
1021 577 1106 624 ipsa
1147 578 1290 613 albedo
1325 585 1384 613 est
1414 590 1486 614 sua

108 883 145 904 10

106 1166 141 1197 15

102 1467 143 1488 20

35 1519 117 1547 202a

100 1751 139 1782 25

100 2043 141 2074 30

102 2334 141 2365 35

99 2635 145 2665 40

163 647 263 682 pura
296 633 514 670 intrinseca
548 632 764 681 quidditas‚
799 646 872 670 nec
906 642 964 670 est
996 646 1069 670 nec
1102 642 1234 682 potest
1266 647 1349 671 esse
1372 636 1485 681 alba3

161 691 217 728 sic
256 691 341 739 ipse
380 691 515 728 asinus
555 699 612 727 est
649 692 709 728 vel
750 701 834 728 erat
867 705 938 728 sua
972 705 1073 740 pura
1106 692 1413 741 intelligibilitas
1447 693 1486 729 in

162 751 255 798 deo3
289 751 358 786 sed
392 750 457 786 illa
491 762 591 797 pura
625 749 931 797 intelligibilitas
964 763 1036 787 nec
1071 760 1141 798 est,
1175 764 1247 788 nec
1281 760 1379 798 erat,
1413 764 1487 788 nec

160 808 307 856 poterit
340 820 436 853 esse,
471 809 615 846 asinus,

219 869 300 903 Nec
346 866 503 902 videtur
534 865 835 902 sollicitandum
871 868 1079 915 quomodo
1113 867 1180 904 illa
1210 869 1358 904 habeat
1391 881 1485 905 con-

160 925 278 962 verti:
312 924 489 960 “Asinus
523 934 581 960 est
612 925 672 960 vel
706 934 790 960 erat
823 925 921 972 ydea
955 939 1025 962 sua
1057 925 1097 961 in
1132 926 1256 974 deo“;
1291 928 1486 975 quotlibet

160 983 274 1019 enim-
300 992 392 1019 sunt
424 982 727 1031 proposiciones
757 983 1016 1031 kathegorice
1040 984 1281 1021 affirmative
1306 998 1382 1033 que
1405 998 1484 1021 non

160 1050 327 1089 possunt
360 1041 400 1077 in
430 1042 561 1077 forma
590 1041 779 1080 converti.
814 1042 852 1078 Si
878 1051 1013 1079 tamen
1037 1045 1257 1089 contencio,
1292 1043 1321 1079 si
1346 1043 1485 1092 utique

159 1099 359 1136 voluerint
400 1109 638 1148 extorquere
677 1099 793 1135 huius
834 1100 1131 1148 proposicionis
1171 1101 1348 1150 aliquam
1390 1115 1484 1138 con-

160 1158 400 1208 versionem,
447 1167 579 1206 potest
624 1157 699 1194 dici
747 1159 857 1206 quod
891 1159 946 1195 sic
980 1168 1258 1196 convertatur:
1305 1159 1483 1196 “Asinus

161 1225 217 1252 est
262 1217 322 1253 vel
368 1225 452 1253 erat
491 1218 605 1264 ydea,
652 1215 772 1262 igitur
811 1217 911 1264 ydea
951 1226 1008 1253 est
1047 1218 1107 1253 vel
1147 1227 1232 1254 erat
1263 1218 1379 1265 lzoc,’'
1415 1220 1482 1254 de-

161 1276 424 1311 monstrando
470 1287 540 1322 per
577 1274 623 1308 lv·
659 1274 796 1310 “hoc''
835 1288 982 1322 purum
1023 1275 1234 1324 proprium
1276 1285 1313 1312 et
1357 1277 1482 1312 totale

159 1345 239 1372 esse
276 1334 416 1380 ydeale
456 1332 556 1369 asini
595 1336 635 1368 in
676 1341 807 1368 mente
847 1333 924 1377 dei,
964 1334 1024 1369 vel
1057 1334 1213 1370 asinum
1249 1334 1480 1382 possibilem

160 1391 200 1427 in
234 1404 336 1439 puro
369 1403 451 1427 esse
474 1390 715 1439 intelligibili
740 1391 946 1428 existente.
980 1391 1095 1427 Multi
1120 1392 1225 1428 enim
1253 1394 1484 1428 concedunt

160 1451 207 1485 de
241 1449 502 1486 conversione
535 1449 658 1485 illius:
714 1449 863 1486 “Nulla
897 1449 1074 1486 essencia
1108 1450 1242 1486 divina
1273 1451 1480 1498 generat.’'

161 1509 244 1555 Ego
288 1516 422 1544 autem
463 1507 512 1544 ad
552 1519 715 1556 presens
754 1520 836 1543 non
874 1507 989 1544 video
1019 1507 1022 1559 Ι
1052 1509 1331 1545 necessitatem
1370 1506 1482 1561 [con-

159 1564 355 1618 vertendi]
391 1565 710 1614 proposiciones,
745 1565 820 1602 nisi
854 1567 901 1603 de
931 1575 1082 1614 quanto
1112 1580 1183 1615 per
1205 1567 1480 1615 syllogismum

160 1623 449 1672 expositorium
481 1624 689 1661 conversio
714 1624 871 1660 fundari
896 1626 1063 1673 poterit;
1098 1626 1206 1673 quod
1236 1625 1484 1674 impossibile

158 1684 220 1720 vel
264 1682 384 1719 nimis
429 1682 590 1719 difficile
637 1690 694 1718 est
744 1683 783 1718 in
827 1683 1024 1731 plurimis,
1093 1696 1183 1720 cum
1230 1697 1310 1720 non
1358 1684 1485 1732 possit

158 1754 318 1789 semper
388 1741 563 1777 medium
628 1741 830 1788 singulare
892 1741 1075 1789 adaptari
1139 1741 1202 1778 cui
1263 1744 1482 1779 secundum

160 1801 328 1836 eandem
399 1799 605 1836 racicnem
673 1800 917 1847 singularem
981 1810 1197 1849 utrumque
1261 1810 1483 1837 extremum

156 1857 383 1894 formaliter
428 1857 667 1894 affirmative
713 1857 820 1905 insit,
873 1858 934 1895 vel
986 1872 1110 1895 unum
1160 1859 1399 1896 affirmative
1450 1867 1486 1896 et

157 1916 267 1952 aliud
299 1915 484 1964 negative
517 1916 630 1953 desit.

218 1975 392 2011 Ulterius
437 1976 485 2010 de
530 1973 641 2022 ydeis
686 1974 893 2011 dubitatur
942 1988 973 2011 si
1012 1975 1092 2011 sint
1131 1976 1260 2012 forme
1304 1976 1486 2013 absolute

156 2033 218 2069 vel
251 2032 484 2081 respective.
519 2035 566 2069 Et
599 2032 756 2069 videtur
790 2033 1019 2077 dicendum,
1054 2047 1147 2070 cum
1182 2036 1283 2082 ydea
1307 2035 1399 2082 equi
1423 2035 1484 2071 vel

158 2091 333 2128 hominis
381 2089 450 2142 [sit
488 2089 758 2142 prestancior]
812 2104 931 2140 quam
974 2093 1056 2128 eius
1096 2092 1314 2129 intrinseca
1355 2093 1486 2130 forma

159 2163 237 2198 qua
271 2162 394 2198 equus
427 2158 485 2186 est
518 2162 645 2198 equus
680 2150 738 2186 vel
770 2150 893 2186 homo
918 2159 974 2186 est
997 2151 1142 2197 homo3
1176 2160 1213 2187 et
1239 2164 1328 2187 cum
1354 2151 1485 2188 forma

158 2208 344 2244 absoluta
378 2208 427 2244 sit
466 2207 721 2256 prestancior
760 2208 891 2244 forma
934 2209 1170 2257 respectiva,
1217 2212 1315 2257 ydee
1349 2219 1483 2246 autem

158 2267 287 2302 forme
321 2267 516 2312 absolute,
551 2275 589 2303 et
621 2267 696 2302 hoc
731 2266 903 2303 maxime
937 2279 1070 2303 rerum
1108 2277 1145 2304 et
1168 2268 1391 2304 formarum
1417 2270 1484 2304 ab·

159 2325 383 2361 solutarum
417 2326 468 2361 ad
501 2334 627 2374 extr-³3
662 2333 698 2360 et
727 2337 817 2360 cum
842 2325 961 2372 ydola
985 2325 1024 2361 in
1048 2326 1181 2374 specie
1206 2326 1420 2374 corporali,
1454 2339 1484 2362 si

160 2391 251 2418 sunt
290 2383 432 2429 forme,
480 2396 562 2419 non
606 2382 795 2419 videntur
828 2395 913 2419 esse
948 2384 1168 2432 respective
1202 2384 1270 2421 sed
1303 2385 1485 2421 absolute

160 2441 308 2486 forme3
354 2454 444 2477 cum
491 2454 585 2478 vero
630 2442 731 2489 ydee
778 2442 817 2477 in
862 2442 1025 2489 speculo
1065 2442 1199 2479 divino
1240 2442 1318 2479 sint
1357 2443 1486 2479 forme

161 2500 384 2536 relucentes
423 2499 463 2535 in
496 2500 661 2548 speculo
694 2500 763 2536 illo
796 2499 997 2548 spirituali
1030 2509 1068 2537 et
1100 2500 1325 2546 verissimo,
1373 2501 1486 2537 sicud

160 2558 278 2604 ydola
317 2557 567 2594 sensibilium
609 2559 744 2595 lucent
782 2557 823 2595 in
866 2559 1069 2607 corporali
1103 2560 1283 2608 speculo,
1329 2559 1487 2596 videtur

162 2617 270 2663 quod
303 2615 381 2653 sint
413 2616 542 2653 forme
575 2617 702 2653 reales
736 2617 931 2656 absolute.
966 2617 1102 2654 Eciam
1136 2630 1226 2655 cum
1258 2618 1336 2654 sint
1359 2618 1488 2654 forme

233 2762 259 2790 5.
275 2763 341 2798 ipse
356 2763 446 2791 albus
461 2763 558 2810 MS>N
594 2772 638 2791 10.
654 2764 722 2791 alba
738 2771 800 2800 pro
813 2764 863 2792 illa
879 2764 912 2799 (Β)
928 2764 995 2792 MS.
1060 2774 1104 2799 21,
1123 2773 1171 2792 22.
1188 2764 1389 2792 convertendi
1404 2765 1488 2793 deest

161 2819 229 2848 MS.
304 2829 352 2849 22.
380 2825 460 2849 necze
486 2812 617 2858 ppssnes.
693 2821 742 2850 30.
764 2813 881 2850 3132(le
904 2813 1001 2851 ferme
1019 2822 1088 2851 MS.
1163 2822 1209 2851 31.
1232 2823 1269 2852 sit
1296 2823 1490 2858 prestancior

160 2855 247 2882 deest
266 2855 333 2883 MS.
408 2856 457 2884 35.
479 2857 577 2885 eciam
595 2865 656 2893 pro
678 2863 705 2885 et
724 2865 794 2885 curn
816 2857 882 2885 MS.

1299 2905 1347 2938 2*

1729 243 1776 278 19

1535 354 1607 380 than
1631 361 1646 380 a
1668 362 1742 388 pure

1548 389 1644 415 intelli
1673 390 1730 416 ible

1513 423 1619 459 entity.
1670 432 1687 450 o
1708 432 1766 451 one

1531 466 1587 484 can
1609 466 1662 494 say
1683 459 1748 486 that

1537 492 1703 520 H‘lzioeness
1724 495 1749 520 is

1590 529 1691 555 white.

1500 876 1545 902 As
1566 881 1597 903 to
1617 877 1669 905 the
1684 881 1778 908 mode

1524 910 1559 937 of
1576 915 1760 950 converting

1501 947 1551 972 the
1579 949 1776 986 proposition

1500 988 1690 1018 concermng
1716 986 1778 1013 this

1537 1022 1658 1052 matter,
1680 1019 1702 1046 it
1722 1022 1747 1047 is

1543 1086 1547 1090 .
1591 1052 1682 1080 ofno

1541 1093 1745 1122 importance.

1535 1122 1589 1148 Yet
1610 1132 1655 1150 we
1677 1133 1746 1161 may

1547 1165 1616 1192 say:
1640 1159 1729 1188 “the

1510 1194 1643 1220 existent
1663 1195 1720 1222 Ass
1740 1197 1765 1223 is

1557 1228 1596 1254 itv
1615 1229 1716 1256 [deal.-

1521 1262 1682 1297 lleerefore
1700 1266 1752 1293 tlze

1533 1297 1620 1324 [deal
1638 1300 1694 1326 Ass
1714 1303 1740 1328 is

1538 1334 1694 1362 whatever
1713 1338 1740 1363 is

1519 1367 1706 1403 intelligible
1726 1373 1756 1399 in

1530 1402 1581 1429 tlte
1590 1403 1731 1437 former.
1738 1407 1754 1417 ''

1529 1437 1585 1464 ssut
1606 1439 1627 1465 it
1649 1441 1674 1466 is
1696 1446 1749 1468 not

1546 1474 1683 1507 possible
1702 1481 1733 1502 to

1543 1515 1671 1537 convert
1691 1512 1728 1538 all

1526 1545 1750 1581 propositions,

1522 1578 1581 1604 and
1604 1580 1757 1609 therefore

1569 1614 1590 1640 it
1612 1622 1638 1641 is
1659 1621 1713 1643 not

1554 1657 1724 1687 necessary.

1503 1992 1564 2018 Are
1585 1991 1669 2019 these
1690 1992 1778 2019 Ideas

1542 2027 1688 2053 relations
1709 2035 1744 2054 or

1501 2062 1641 2088 absolute
1657 2062 1777 2089 forms?

1501 2096 1566 2123 The
1580 2097 1678 2130 latter,
1696 2098 1778 2124 since

1516 2132 1587 2170 they
1607 2140 1658 2158 are
1680 2140 1766 2159 more

1502 2167 1617 2202 perfect
1637 2168 1709 2194 than
1728 2170 1778 2194 the

1548 2202 1733 2229 substantial

1501 2237 1633 2271 existing
1667 2238 1777 2270 forms,

1502 2272 1593 2299 made
1608 2272 1685 2299 aiter
1701 2273 1779 2299 their

1477 2327 1482 2331 .
1514 2311 1644 2342 parterm,
1666 2308 1769 2334 which

1530 2350 1581 2369 are
1601 2343 1751 2378 certainly

1564 2378 1715 2404 absolute.

1518 2411 1586 2439 The
1606 2412 1678 2439 Idea
1699 2413 1733 2439 οἵ
1752 2420 1766 2438 a

1532 2447 1623 2474 horse
1644 2448 1670 2474 is
1692 2452 1743 2474 not

1520 2482 1644 2509 relative
1664 2487 1694 2509 10
1716 2483 1765 2508 the

1519 2518 1654 2552 existing
1676 2518 1767 2544 horse

1528 2554 1565 2587 by
1586 2553 1677 2585 itselt‘‚
1699 2560 1756 2579 nor

1545 2595 1610 2614 Vlce
1632 2595 1737 2620 versa3
