2067 3365
355 697 689 746 CAPITULUM
724 697 1049 745 VIGESIMUM
1085 698 1356 747 TERCIUM.

252 803 403 840 Ultimo
437 803 498 839 hic
528 815 608 850 quo
641 803 691 838 ad
726 801 836 838 aliud
868 801 1052 850 superius
1088 811 1258 847 motum,
1291 805 1402 852 quod
1434 805 1521 842 uni-

195 861 360 898 versalia
404 860 500 897 talia
545 860 623 897 sint
666 861 873 909 superflua
919 870 1101 897 monstra
1140 870 1178 898 et
1210 861 1381 911 inutilia,
1430 877 1522 900 cum

193 919 316 956 nichil
362 928 533 967 prosunt
579 919 743 969 mundo,
790 932 836 956 eo
871 920 979 967 quod
1018 919 1143 956 nichil
1178 929 1346 968 possunt
1377 921 1521 969 facere,

159 980 459 1027 §respondetur
488 978 597 1026 quod
631 978 707 1014 hoc
741 986 993 1026 assumptum
1029 986 1087 1014 est
1119 978 1277 1025 falsum,
1312 979 1407 1028 quia
1440 983 1523 1017 uni-

192 1036 361 1073 versalia
408 1035 728 1073 substanciarum
775 1044 868 1072 sunt
908 1048 1026 1073 cause
1058 1036 1247 1073 formales
1282 1038 1523 1076 essenciales

192 1095 407 1141 naturales,
454 1102 491 1131 et
536 1107 655 1131 cause
701 1094 842 1131 finales
888 1093 1127 1131 essenciales
1180 1097 1385 1133 naturales
1432 1099 1524 1134 sub-

192 1155 435 1190 stanciarum
472 1151 796 1199 individualium‚
831 1162 869 1189 et
902 1165 984 1189 non
1018 1161 1195 1190 econtra.
1231 1154 1403 1202 Oportet
1435 1154 1524 1192 uni-

191 1212 355 1261 versale,
394 1220 431 1248 et
471 1224 541 1260 per
581 1223 831 1259 consequens
870 1211 1039 1247 omnino
1079 1220 1327 1260 oportunum
1367 1222 1425 1250 est
1466 1218 1523 1252 2m

64 1269 146 1303 255b
190 1278 389 1319 naturam,
422 1271 471 1306 ad
505 1282 587 1306 esse
620 1266 896 1321 Sortemlesse
926 1269 1138 1316 lzominem3
1173 1278 1211 1306 et
1234 1283 1315 1307 non
1344 1280 1523 1309 econtra.

191 1330 240 1365 Et
273 1330 338 1365 det
370 1327 623 1365 adversarius
656 1327 755 1363 illud
789 1336 1035 1375 oportunum
1062 1329 1170 1376 quod
1192 1337 1438 1377 oportunum
1465 1339 1524 1367 est

191 1388 240 1423 ad
277 1399 357 1423 esse
390 1388 557 1432 Sortem,
597 1398 679 1422 6336
711 1386 919 1431 hominem,
959 1395 995 1422 et
1028 1399 1109 1423 non
1142 1395 1327 1435 econtra;
1373 1397 1410 1425 et
1442 1402 1524 1425 non

191 1445 314 1488 dabit,
348 1444 424 1481 nisi
459 1457 719 1481 communem
754 1444 1066 1491 humanitatem,
1100 1457 1177 1493 que
1211 1454 1269 1483 est
1302 1445 1369 1483 illa
1403 1460 1522 1495 opor-

190 1505 348 1549 tunitas,
396 1511 433 1540 et
477 1511 724 1552 oportunum
770 1502 882 1546 illud,
929 1502 1094 1549 scilicet,
1140 1504 1190 1539 ad
1231 1516 1312 1541 6336
1352 1505 1521 1552 Sortem,

135 1564 172 1597 15
190 1574 271 1599 esse
315 1562 527 1608 hominem3
582 1570 618 1598 et
662 1574 743 1598 non
789 1569 965 1607 econtra,
1015 1561 1073 1598 sic
1125 1563 1236 1610 quod
1289 1563 1521 1601 humanitas

190 1619 418 1657 communis
464 1629 523 1657 est
568 1633 689 1657 causa
735 1619 962 1657 essencialis
1007 1619 1202 1657 naturalis
1256 1629 1294 1657 et
1339 1622 1521 1659 formalis

189 1678 386 1715 individui
422 1678 565 1724 Sortis‚
600 1687 637 1715 et
670 1691 752 1714 non
786 1686 965 1718 econtra.

248 1739 317 1774 Est
350 1736 477 1774 eciam
514 1749 636 1774 causa
669 1735 896 1774 essencialis
922 1736 1049 1773 finalis
1073 1745 1112 1774 et
1134 1738 1342 1786 naturalis,
1378 1747 1414 1775 et
1438 1752 1520 1776 non

189 1804 366 1833 econtra.
431 1797 532 1832 Cum
579 1795 685 1832 enim
732 1796 829 1832 deus
881 1804 1048 1843 propter
1100 1795 1212 1844 signa
1257 1796 1358 1833 sciat
1411 1799 1520 1846 quod

130 1866 172 1888 20
189 1855 458 1891 necessarium
492 1863 550 1891 est
580 1854 800 1891 secundum
832 1862 1019 1890 naturam
1050 1855 1101 1891 ad
1132 1866 1214 1891 esse
1236 1855 1406 1903 Sortem,
1440 1869 1521 1893 esse

188 1913 378 1949 hominem
411 1921 447 1949 et
476 1925 555 1949 non
579 1921 758 1958 econtra,
794 1920 831 1949 et
854 1912 919 1948 illa
948 1914 1115 1960 negacio
1149 1916 1207 1950 2¹¹³
1242 1925 1294 1959 se,
1330 1926 1404 1950 non
1438 1927 1520 1952 6336

186 1971 390 2018 hominem,
436 1980 540 2008 esset
579 1970 955 2019 incomparabiliter
993 1972 1256 2019 dampnosior
1294 1971 1334 2008 in
1372 1981 1518 2010 natura

188 2038 225 2067 et
268 2029 308 2066 in
353 2030 506 2065 mundo
552 2042 673 2078 quarn
721 2037 823 2065 esset
869 2028 937 2065 illa
991 2028 1159 2077 negacio
1208 2032 1428 2067 secundum
1475 2044 1516 2068 se

187 2089 413 2136 dampnosa
445 2101 519 2124 non
552 2100 634 2124 esse
666 2088 840 2132 Sor-tenu
887 2088 1007 2135 igitur
1039 2088 1411 2136 incomparabiliter
1442 2090 1515 2138 ipsi

129 2151 168 2184 25
186 2155 329 2184 nature
362 2155 399 2183 et
433 2147 585 2182 mundo
619 2147 708 2194 plus
741 2147 905 2194 prodest
938 2145 1180 2182 naturaliter
1212 2159 1294 2183 esse
1322 2148 1513 2185 hominem

187 2218 307 2254 quam
333 2204 367 2241 ei
392 2204 519 2253 prosit
541 2205 778 2241 naturaliter
800 2217 880 2240 6336
903 2205 1072 2250 Sortem,
1107 2213 1144 2241 et
1168 2217 1239 2253 per
1261 2218 1513 2255 consequens

186 2263 562 2312 incomparabiliter
593 2262 824 2299 humanitas
858 2262 1087 2299 communis
1120 2271 1179 2300 est
1211 2264 1352 2300 melior
1381 2276 1512 2302 essen·

187 2321 342 2359 cialiter
383 2321 622 2358 naturaliter
661 2334 781 2370 quam
824 2322 899 2358 Sor
941 2323 989 2358 sit
1027 2322 1268 2359 naturaliter
1306 2323 1436 2360 bonus
1476 2333 1513 2360 et

187 2380 473 2417 essencialiter.
526 2382 574 2416 Et
618 2392 687 2428 per
731 2392 993 2428 consequens,
1040 2393 1129 2416 cum
1176 2389 1362 2429 oporteat
1405 2381 1513 2419 iuxta

129 2445 170 2477 30
187 2439 405 2476 deductum
437 2438 622 2487 superius
663 2437 957 2475 humanitatem
995 2451 1251 2475 communem
1294 2439 1334 2475 in
1367 2449 1512 2477 natura

188 2510 285 2545 esse,
324 2498 374 2534 ad
407 2498 484 2534 hoc
517 2498 627 2545 quod
660 2498 734 2534 Sor
766 2497 826 2547 sit⁷
866 2505 903 2534 et
940 2509 1022 2533 non
1063 2506 1240 2543 econtra,
1280 2498 1512 2536 humanitas

186 2555 414 2593 communis
448 2564 505 2592 est
539 2554 667 2592 finalis
701 2554 932 2592 essencialis
964 2555 1161 2592 naturalis
1195 2556 1324 2593 Sortis
1356 2556 1396 2593 in
1430 2569 1511 2594 esse

184 2627 257 2651 suo
303 2614 521 2652 essenciali.
573 2616 656 2651 Nec
689 2613 857 2650 dubium
903 2614 951 2650 de
995 2626 1076 2651 uno
1121 2623 1332 2663 assumpto
1369 2615 1507 2664 priori,

257 2769 279 2790 1.
302 2763 325 2789 Δ1
346 2770 411 2798 gap
432 2760 473 2798 of
486 2761 599 2788 almost
617 2769 636 2788 cz
656 2761 729 2788 line.
759 2761 939 2796 Capitulum
962 2760 1017 2789 ἃς.
1039 2761 1133 2788 deest.
1210 2770 1237 2789 2.
1259 2762 1281 2789 .l
1304 2762 1396 2789 blank·
1415 2771 1509 2798 space

175 2810 238 2845 for
263 2809 368 2836 initial
396 2808 422 2836 U
445 2808 513 2837 MS.
607 2815 635 2843 ς).
663 2812 727 2848 οΕις
742 2798 791 2835 ἷῗη
826 2807 909 2841 MS.;
937 2807 975 2835 ib.
1003 2799 1123 2846 opturffi
1150 2808 1216 2836 MS.
1312 2799 1414 2845 19.'pt
1439 2809 1507 2837 MS.

184 2855 233 2890 32,
257 2855 305 2884 33.
327 2864 393 2883 esse
414 2864 470 2883 suo
490 2865 557 2884 esse
577 2856 645 2884 MS.

253 2902 298 2929 De
317 2900 563 2929 Universalibus.
1328 2913 1367 2935 10

1552 814 1615 840 Are
1636 813 1818 841 Universals

1589 849 1706 875 useless
1727 849 1786 876 and

1590 883 1788 918 superfluous

1598 919 1776 946 monsters?

1563 953 1623 981 No.
1645 953 1733 989 They
1754 962 1805 981 are

1552 989 1602 1016 the
1622 988 1734 1016 formal
1755 989 1815 1016 and

1545 1023 1689 1051 essentia!
1715 1032 1823 1051 causes

1603 1060 1639 1087 of
1655 1059 1770 1094 things.

1611 1339 1693 1366 That
1714 1347 1749 1366 an

1547 1374 1722 1401 individual
1741 1382 1813 1402 man

1542 1418 1611 1445 may
1632 1409 1720 1444 exist,
1751 1409 1772 1436 it
1793 1410 1819 1436 is

1566 1453 1732 1479 necessary
1753 1445 1801 1471 for

1561 1487 1631 1506 man
1653 1484 1683 1506 to
1704 1479 1799 1513 cxis13

1583 1515 1634 1541 the
1655 1515 1773 1542 former

1548 1550 1638 1576 could
1661 1554 1713 1577 not
1733 1549 1811 1576 exist

1581 1584 1712 1612 without
1732 1584 1782 1612 the

1629 1621 1726 1648 latter.

1554 1748 1643 1785 They
1664 1758 1715 1777 are
1735 1750 1799 1777 also

1572 1785 1641 1812 final
1665 1793 1783 1813 canses.

1594 1820 1661 1848 The
1682 1829 1758 1848 non-

1571 1856 1726 1884 existence
1747 1857 1781 1883 of

1598 1891 1752 1919 universal

1593 1927 1756 1963 humanity

1540 1962 1645 1989 would
1668 1963 1703 1988 be
1723 1970 1739 1989 a
1759 1962 1806 1989 far

1572 2001 1692 2031 greater
1712 1997 1775 2024 loss

1550 2033 1623 2059 than
1644 2032 1696 2060 the
1716 2040 1791 2060 non-

1568 2067 1722 2095 existence
1743 2068 1777 2095 of

1602 2111 1661 2137 any
1682 2111 1741 2130 one

1536 2138 1718 2171 individual,
1741 2138 1800 2165 and

1591 2173 1745 2200 therefore

1565 2208 1726 2248 humanity
1746 2208 1772 2235 is

1583 2244 1761 2277 something

1550 2278 1787 2314 incomparably

1556 2322 1642 2341 more
1664 2313 1780 2348 perfect

1553 2350 1582 2375 in
1604 2349 1642 2376 its
1663 2353 1780 2376 nature.
