2067 3365
1017 724 1091 773 DE
1122 725 1405 774 MATERIA.
1947 738 1981 771 5·

267 838 345 866 This
366 839 509 875 question
603 827 607 885 l
644 832 785 869 Utrum
823 830 1004 878 materia,
1037 843 1146 868 nunc
1178 832 1252 868 sub
1286 843 1366 867 una
1399 831 1530 868 forma
1560 831 1821 868 substanciali
1845 840 1882 868 et
1926 832 2005 867 135·

277 875 504 938 ζιζῑξξῑζῇἶζῐέξ
542 902 648 927 nunc
681 891 754 927 sub
788 888 868 927 alia
902 888 1086 939 existens,
1121 890 1169 927 sit
1201 888 1412 926 informis?

266 944 514 1008 maiiizirmiaraeiiich
602 950 769 995 Questio
802 961 928 986 unum
960 949 1151 998 supponit
1174 957 1212 985 et
1235 947 1345 985 aliud
1369 947 1511 997 querit.
1545 947 1749 997 Supponit
1771 949 1881 998 quod

314 1015 340 1043 is
362 1002 428 1043 also
449 1023 465 1043 a
543 1007 715 1044 materia
748 1007 882 1056 prima
914 1019 1024 1044 nunc
1057 1008 1131 1044 sub
1164 1019 1246 1044 una
1269 1007 1401 1044 forma
1424 1006 1689 1044 substanciali
1713 1015 1751 1044 et
1773 1019 1882 1044 nunc
1900 1009 1916 1042 5

301 1058 479 1114 sfiffssffifg'e·
541 1067 614 1103 sub
647 1065 727 1103 alia
761 1065 923 1113 existat3
965 1074 1001 1103 et
1033 1074 1130 1103 tunc
1164 1065 1296 1115 querit
1326 1073 1460 1102 utrum
1495 1065 1546 1102 sit
1578 1065 1776 1115 informis,
1811 1073 1883 1105 etc.

250 1120 805 1186 lsacassefficvaetsebeSuppositum
852 1124 920 1162 sit:
969 1124 1139 1162 materia
1173 1123 1306 1173 prima
1351 1132 1410 1161 est
1442 1125 1666 1162 subiectum
1708 1125 1882 1173 primum

324 1165 341 1192 p
485 1179 491 1185 ⁴
543 1195 588 1220 ex
620 1196 702 1232 quo
736 1183 889 1232 aliquid
924 1183 979 1234 fit,
1025 1196 1116 1221 curn
1151 1183 1246 1221 insit
1279 1195 1351 1232 per
1384 1195 1425 1220 se
1464 1192 1502 1220 et
1541 1195 1624 1220 non
1656 1184 1881 1221 secundum

543 1241 743 1280 accidens.
777 1244 893 1280 Patet
925 1241 1158 1291 supposicio
1193 1241 1326 1291 primo
1360 1241 1631 1291 physicorum.

601 1302 657 1338 Ex
691 1313 771 1350 quo
812 1300 998 1350 sequitur
1031 1302 1141 1350 quod
1176 1301 1346 1338 materia
1384 1301 1517 1350 prima
1557 1309 1615 1337 est
1648 1300 1884 1338 substancia
1905 1316 1943 1337 10

542 1358 689 1409 prima.
748 1361 877 1407 Patet,
930 1359 1026 1409 quia
1071 1368 1129 1397 est
1174 1358 1404 1397 subiectum
1452 1359 1645 1409 primum,
1700 1368 1743 1396 ut
1788 1358 1885 1396 dicit

543 1417 790 1468 supposicio.
825 1418 948 1468 Igitur
980 1418 1246 1456 correlariurn
1279 1431 1433 1456 verum.

604 1481 651 1516 20
685 1476 869 1527 sequitur
902 1478 1011 1527 quod
1046 1477 1218 1515 materia
1250 1477 1384 1527 prima
1418 1486 1476 1515 est
1499 1477 1631 1514 solum
1655 1476 1883 1514 subiectum

546 1545 584 1573 et
637 1549 719 1574 non
771 1545 905 1585 potest
958 1549 1043 1574 esse
1095 1536 1322 1574 formaliter
1374 1535 1640 1585 predicatum,
1695 1548 1786 1574 cum
1837 1537 1885 1573 de

545 1595 787 1633 necessitate
820 1607 981 1644 semper
1014 1595 1239 1633 subiciatur
1260 1596 1323 1632 vel
1346 1594 1386 1632 in
1419 1594 1612 1633 subiectis
1641 1594 1887 1644 procedatur
1906 1599 1943 1632 15

546 1653 586 1690 in
620 1653 838 1692 infinitum.

273 1722 351 1750 This
374 1722 513 1763 prima'ry
605 1715 653 1763 30
686 1712 870 1762 sequitur
899 1714 1009 1762 quod
1043 1712 1176 1762 prima
1208 1713 1441 1750 substancia
1474 1721 1532 1750 est
1562 1713 1730 1750 materia
1752 1711 1886 1761 prima

286 1758 501 1821 ξῑζῗζξξῗέξξέὃ
546 1771 810 1820 perfectibilis
845 1784 867 1809 a
900 1779 1168 1820 superstante.
1222 1773 1338 1809 Patet
1372 1771 1610 1821 exponendo
1651 1784 1723 1821 per
1756 1771 1884 1808 idern:

290 1834 401 1857 matter
433 1827 496 1865 qud
546 1830 814 1867 subsistencia
847 1839 906 1867 est
930 1830 1102 1868 materia
1125 1830 1258 1879 prima
1287 1830 1546 1879 perfectibilis
1570 1844 1592 1867 a
1615 1838 1883 1879 superstante,

304 1852 433 1904 capable
452 1864 487 1891 of

315 1899 471 1963 recfewting
547 1898 585 1926 et
617 1890 728 1927 nulla
763 1898 821 1926 est
851 1889 964 1938 prior
986 1902 1061 1926 nec
1085 1890 1240 1939 aliqua;
1276 1888 1400 1938 igitur
1423 1889 1707 1927 corrollarium
1731 1901 1885 1928 verum.
1903 1904 1946 1927 20

307 1943 361 1970 pel‘
377 1943 409 1962 CC
428 1943 479 1962 ton

291 1970 372 1999 from
394 1970 494 2003 form;
605 1948 894 1986 Correlarium.
935 1951 1027 1985 Non
1059 1948 1259 1998 sequitur:
1295 1949 1464 1985 Materia
1497 1947 1630 1997 prima
1663 1956 1722 1985 est
1754 1947 1886 1997 prima

266 2007 320 2069 [ᾞὲ
340 2005 521 2068 ᾖῖἀέῗῑὲῗθ
546 2006 777 2044 substancia
824 2006 1088 2056 perfectibilis
1133 2020 1154 2044 a
1193 2015 1447 2055 superstante
1481 2007 1521 2044 in
1555 2007 1695 2045 ordine
1729 2007 1887 2044 essendi

304 2076 482 2104 substance.
548 2078 704 2112 rerum;
740 2065 859 2114 igitur
892 2075 950 2103 est
983 2065 1117 2115 prima
1150 2066 1401 2114 substancia;
1437 2079 1528 2103 cum
1563 2067 1662 2103 deus
1695 2066 1743 2102 sit
1775 2066 1887 2115 prior

546 2124 780 2162 substancia
803 2126 1029 2161 secundum
1054 2124 1304 2161 verissimum
1336 2126 1520 2162 ordinem
1545 2137 1680 2162 rerum
1716 2123 1886 2162 essendi.

253 2195 403 2224 Aristone
431 2201 531 2221 seems
606 2183 682 2220 Hic
716 2182 889 2220 obicitur
923 2183 1077 2221 dictum
1101 2183 1332 2220 Aristotelis
1366 2183 1407 2220 in
1440 2183 1642 2233 principio
1666 2184 1715 2221 de
1749 2182 1886 2220 anima
1903 2188 1943 2221 25

280 2230 507 2294 Πξζῑῗέἕὶζὺῇξε
548 2250 585 2278 et
618 2241 756 2278 multis
789 2242 874 2279 aliis
906 2241 1006 2279 locis
1030 2241 1235 2291 predictis.
1270 2244 1372 2279 Nam
1407 2241 1461 2279 ibi
1486 2242 1584 2279 dicit
1608 2243 1717 2291 quod
1741 2241 1886 2291 triplex

298 2301 488 2365 Sugsitrasrice·
548 2309 606 2338 est
637 2302 881 2347 SUbStancia‚
923 2313 1005 2338 una
1039 2313 1116 2351 que
1151 2304 1209 2337 2m
1243 2313 1285 2338 se
1317 2313 1399 2338 non
1434 2310 1492 2338 est
1526 2301 1602 2338 hoc
1636 2300 1801 2350 aliquid,
1842 2309 1886 2337 ut

273 2371 381 2400 buthe
401 2370 514 2407 speaks
549 2359 731 2411 materia,
765 2358 844 2397 alia
877 2359 1032 2408 species
1064 2360 1126 2397 vel
1158 2360 1289 2397 forma
1323 2361 1547 2397 secundum
1573 2372 1694 2409 quarn
1720 2360 1886 2397 materia

618 2530 667 2559 25.
690 2531 778 2560 Sicut
798 2530 923 2558 videtur
945 2538 1003 2559 vro
1024 2530 1083 2559 Hic
1103 2530 1239 2559 obicitur
1259 2530 1327 2558 MS.

622 2614 648 2636 1.
676 2604 712 2635 In
740 2604 844 2647 Prag.
870 2604 974 2636 Univ.
1001 2605 1046 2637 M.
1074 2606 1108 2638 S.
1135 2605 1224 2637 VIII.
1254 2605 1294 2637 G.
1321 2603 1352 2637 6.
1381 2604 1402 2637 f.
1430 2604 1489 2646 84⁶
1515 2603 1612 2637 there
1640 2605 1668 2636 is
1695 2615 1738 2636 an
1766 2604 1885 2636 article

545 2650 621 2682 that
669 2650 793 2693 begins
842 2649 941 2684 thus:
997 2652 1157 2694 sequitur
1198 2652 1264 2684 alia
1307 2652 1442 2693 posicio
1484 2652 1683 2684 Reverendi
1727 2651 1884 2693 Magistri

545 2697 718 2730 Johannis
751 2698 794 2730 de
822 2698 1038 2741 Hussynetz:
1072 2699 1197 2731 Utrum
1225 2699 1369 2730 materia
1389 2723 1396 2730 .
1416 2722 1424 2731 .
1444 2722 1452 2730 .
1479 2698 1540 2732 &c.
1580 2697 1658 2730 The
1693 2697 1770 2730 first
1794 2708 1884 2740 page

546 2744 575 2776 is
608 2744 744 2776 similar
776 2751 813 2776 to
846 2755 914 2776 our
940 2746 1012 2777 MS.
1045 2746 1108 2778 but
1136 2746 1161 2777 it
1193 2745 1401 2778 afterwards
1432 2746 1546 2777 varies
1572 2745 1702 2788 widely
1729 2745 1797 2777 and
1825 2744 1884 2776 the

544 2791 679 2823 desinit
711 2792 739 2823 is
771 2792 867 2834 quite
894 2791 1068 2825 different.
1110 2793 1137 2824 1t
1163 2803 1236 2824 was
1262 2792 1438 2824 therefore
1464 2793 1600 2825 useless
1626 2798 1662 2823 to
1689 2792 1815 2824 collate
1842 2792 1882 2832 it3

547 2838 609 2869 but
634 2838 646 2870 Ι
673 2837 764 2870 have
791 2839 929 2870 noticed
957 2840 991 2884 it,
1020 2850 1057 2871 as
1084 2839 1262 2882 throwing
1289 2850 1307 2870 a
1327 2839 1436 2871 doubt
1455 2850 1549 2882 upon
1569 2839 1628 2871 the
1647 2839 1884 2882 genuineness

548 2884 588 2916 of
610 2884 679 2916 this
706 2886 956 2928 composition.
