2067 3365
163 241 253 268 CAP·
274 240 354 268 ΧΧῘ-
587 243 645 274 DE
674 243 1050 274 UNIVERSALIBUS.
1695 255 1769 293 137

219 349 385 398 Aliquas
430 357 562 386 autem
611 348 961 386 consideraciones
1000 362 1099 397 quas
1137 349 1320 398 reputavi
1364 350 1481 388 utiles
1513 360 1757 393 Iomitseveral

163 416 200 444 et
232 408 414 444 efficaces
448 409 498 444 ad
521 408 771 445 fundandum
800 409 901 444 hanc
925 407 1239 444 calculacionem
1264 408 1481 457 aliquando
1504 400 1767 467 salzgpuorptergtfstihqs

162 465 321 515 adduxi,
360 479 459 514 quas
498 465 618 502 hodie
658 474 823 514 propter
855 465 1096 502 oblivionem
1132 465 1409 513 ignoranciam
1445 476 1483 503 et
1521 466 1748 539 Clflgjirfjfyffitign,

161 525 311 560 tedium
347 537 428 560 non
461 523 631 561 sufficio.
666 525 747 560 Nec
770 535 867 559 curo
892 523 956 560 hic
978 523 1185 571 instruere,
1215 524 1310 572 quia
1334 533 1482 561 tracta-
1508 537 1597 563 avoid
1620 539 1761 575 swelling

128 583 265 625 §tulus
283 582 355 618 iste
378 583 425 618 de
448 581 741 618 universalibus
764 581 885 617 nimis
909 581 1214 629 distenderetur,
1243 595 1332 618 cum
1352 582 1479 619 eciam
1525 570 1742 642 Ἧῖξρὲᾎζῗῖξεξὲ

159 640 342 688 superius
396 640 511 687 plura
562 639 774 676 videantur
826 639 921 675 satis
967 639 1174 687 pueriliter
1220 652 1304 677 esse
1348 640 1481 689 sepius
1543 640 1667 677 lengthy
1686 651 1727 681 ΘΠ

160 698 358 746 reppetita
389 698 450 734 vel
489 697 567 734 alia
597 697 889 745 inpertinencia
922 698 983 734 vel
1021 697 1180 734 inutilia
1218 698 1382 736 inserta.
1435 701 1483 735 Et
1508 678 1761 746 aicncpxupnetriqtngeqr

161 755 324 792 difficile
369 765 426 792 est
470 755 683 803 inexpertis
727 764 765 792 et
809 755 1009 792 inusitatis
1054 756 1094 792 in
1133 756 1345 793 scribendo
1385 757 1482 794 talia

159 814 290 862 prima
334 813 435 850 facie
473 813 689 853 declinare.
743 814 887 850 Gratus
927 822 1062 850 tamen
1096 827 1183 850 sum
1218 815 1267 851 de
1300 815 1482 863 pluribus

105 891 144 912 10
160 871 337 909 materiis
366 872 429 908 hic
458 871 630 920 insertis,
663 884 762 920 quas
792 880 934 920 reputo
958 885 1020 909 me
1043 881 1260 921 utrumque
1283 872 1482 910 invenisse

160 939 197 967 et
229 930 482 973 intellexisse,
527 943 598 978 per
642 930 942 979 qualescunque
985 930 1078 967 licet
1122 930 1296 978 pueriles
1336 932 1482 968 deduc-

159 988 314 1036 ciones;
349 996 386 1024 et
418 1000 537 1037 spero
570 988 678 1037 quod
711 987 833 1025 michi
867 997 905 1025 et
937 988 1025 1025 aliis
1048 988 1275 1025 volentibus
1304 990 1482 1026 studiose

159 1059 326 1095 querere
359 1055 397 1083 et
428 1048 636 1083 advertere
669 1046 815 1094 poterit
849 1047 991 1083 melius
1016 1055 1053 1083 et
1075 1047 1247 1084 lucidius
1271 1060 1480 1096 apparere,

159 1118 249 1141 cum
284 1105 507 1153 profectum
543 1104 766 1141 deducendi
800 1106 850 1141 ad
882 1105 1105 1142 oculciores
1137 1114 1173 1142 et
1196 1106 1481 1154 profundiores

104 1171 141 1204 15
161 1163 349 1200 materias
384 1163 676 1211 methaphisice
709 1171 747 1199 et
779 1175 891 1200 sacre
923 1163 1132 1211 scripture.

217 1223 294 1258 Sed
328 1221 562 1258 reddeundo
596 1229 634 1258 et
665 1221 875 1270 supposito
910 1223 963 1258 sic
997 1233 1081 1258 esse
1113 1223 1146 1258 X
1178 1222 1480 1269 generalissima
1518 1237 1632 1265 Return
1653 1242 1684 1265 to
1705 1239 1754 1266 the

158 1293 306 1327 rerum,
353 1292 426 1316 nec
466 1292 583 1328 posse
623 1291 707 1316 esse
746 1280 880 1327 plura;
926 1279 1138 1328 supposito
1177 1280 1340 1329 insuper
1372 1282 1480 1330 quod
1534 1272 1616 1299 main
1638 1272 1736 1307 point.

1547 1307 1569 1334 T
1578 1308 1649 1334 hese
1669 1312 1718 1335 ten

158 1338 335 1387 quelibet
379 1338 545 1387 species⁷
592 1350 669 1386 que
701 1337 849 1386 poterit
883 1350 967 1375 esse
1006 1338 1173 1386 species⁷
1218 1347 1349 1387 potest
1396 1351 1480 1376 esse
1496 1342 1773 1413 ξῇῐεῃέζὶίεὲρὲῑέἰζξ

158 1396 272 1434 sicud
316 1409 409 1445 pars
441 1396 623 1432 formalis
656 1395 715 1432 sui
749 1396 918 1445 generis,
964 1398 1311 1445 quemadmodum
1346 1407 1479 1445 partes
1512 1420 1545 1439 as
1567 1416 1662 1447 parm,
1683 1421 1758 1440 even

101 1472 142 1493 20
158 1454 322 1503 organie
367 1463 405 1491 et
448 1454 641 1491 officiales
685 1453 726 1490 in
766 1467 933 1502 corpore
979 1454 1184 1499 animalis;
1237 1455 1349 1492 sicud
1387 1464 1480 1492 sunt
1513 1449 1754 1511 menigeilgeofa

158 1526 314 1558 manus,
361 1513 514 1558 oculus,
560 1512 719 1560 digitus,
760 1512 878 1560 antis,
917 1525 1000 1561 pes,
1039 1524 1207 1559 nerqu‚
1249 1526 1329 1561 cor,
1371 1526 1480 1562 epar,
1497 1517 1771 1587 laffyuigiiidasbg

157 1581 242 1617 etc„
295 1579 389 1608 sunt
433 1571 545 1608 sicud
589 1578 721 1619 partes
766 1571 995 1608 materiales
1039 1571 1099 1607 sui
1144 1571 1314 1619 generis,
1368 1572 1768 1624 sicud01-1pp1edifany

156 1630 323 1678 simplex
368 1629 556 1677 parcialis
602 1642 710 1676 caro,
763 1630 825 1666 vel
870 1629 1046 1678 parciale
1085 1642 1143 1673 os,
1188 1630 1249 1666 vel
1294 1630 1481 1678 parcialis
1518 1622 1756 1692 Ἧξξζιῖῇζὲξνξὲὲ

156 1687 338 1736 sangwis,
385 1696 473 1733 etc„
519 1687 708 1724 dicuntur
747 1696 880 1735 partes
921 1687 1149 1725 materiales
1183 1688 1364 1736 corporis
1397 1689 1480 1725 ani—
1522 1691 1595 1718 each
1616 1692 1651 1719 0f
1666 1692 1751 1721 these

99 1752 139 1785 25
158 1746 293 1784 malis:
346 1745 555 1794 supposito
602 1745 775 1794 denique
819 1746 944 1783 tercio
990 1747 1111 1795 quod,
1171 1746 1281 1783 sicud
1336 1735 1774 1795 corpussupxrvegnlizdggrgera

157 1804 343 1842 animalis
377 1812 479 1841 esset
511 1805 685 1841 colobon
726 1804 757 1840 si
791 1805 984 1842 deexistat
1016 1805 1091 1841 sibi
1125 1806 1257 1853 aliqua
1295 1804 1355 1841 sui
1388 1818 1481 1853 pars
1536 1796 1742 1867 ᾙξὲζὲξξξέξ

156 1861 351 1908 formalis,
384 1875 466 1899 non
490 1872 622 1899 autem
647 1863 678 1899 si
703 1862 853 1900 defluat
876 1863 949 1900 sibi
973 1864 1106 1912 aliqua
1130 1875 1223 1911 pars
1248 1863 1480 1909 materialis,
1521 1867 1753 1906 werellacking.

155 1943 211 1949 --
243 1922 353 1970 quod
386 1920 443 1957 sic
467 1933 592 1969 genus
616 1921 781 1970 aliquod
804 1921 1153 1969 generalissimum
1181 1930 1283 1958 esset
1308 1922 1482 1958 colobon
1551 1901 1720 1965 3113?ququ

155 1993 187 2016 si
232 1992 315 2016 non
360 1988 545 2016 eX1steret
589 1981 661 2016 S1b1
702 1992 941 2029 quecunque
975 1993 1047 2017 sua
1079 1992 1231 2028 species
1263 1981 1479 2028 posfflbihs,
1519 1976 1700 2042 Thgferfffssg',
1722 2013 1750 2035 at

102 2043 115 2060 ¹¹
154 2051 236 2075 non
269 2047 404 2075 autem
445 2037 519 2074 erit
552 2038 725 2075 colobon
758 2037 789 2074 si
830 2037 1040 2075 individua
1078 2038 1213 2088 aliqua
1243 2034 1247 2090 Ι
1277 2051 1347 2075 sua
1378 2051 1481 2075 nun-
1520 2050 1607 2069 some
1627 2042 1699 2070 time
1713 2052 1754 2091 ⁴01-

155 2109 275 2145 quam
317 2095 392 2133 sibi
430 2095 703 2134 inexisterent:
750 2096 832 2132 istis
876 2096 1107 2146 suppositis,
1151 2096 1306 2133 visibile
1346 2106 1404 2133 est
1443 2106 1481 2133 et
1496 2080 1773 2148 ροζὲἲέἶῖὲξέῗέξρς

154 2155 313 2192 videtur
358 2155 466 2203 quod
520 2156 616 2192 deus
661 2168 744 2191 non
788 2155 996 2203 permittat
1039 2155 1204 2204 aliquod
1248 2156 1297 2191 de
1342 2154 1478 2192 decern
1541 2148 1725 2211 ’ξζζξζῐξξοξῇ

155 2212 468 2261 generalissimis
514 2225 535 2249 a
582 2212 782 2262 principio
828 2213 1049 2250 creacionis
1095 2213 1237 2249 mundi
1274 2226 1401 2262 usque
1441 2213 1480 2250 in

155 2270 444 2320 sempiternum
470 2283 554 2308 esse
578 2272 763 2322 colobon,
787 2284 877 2308 cum
902 2271 1092 2308 facillime
1116 2271 1242 2320 possit
1265 2280 1302 2308 et
1324 2284 1481 2308 summe

97 2336 138 2369 35
155 2329 255 2367 sciat
286 2330 409 2366 talem
450 2330 666 2376 defectum,
711 2331 833 2366 talem
875 2330 1229 2378 inperfeccionem,
1276 2331 1480 2379 talemque

156 2387 527 2425 monstruositatem
568 2401 590 2425 a
624 2388 804 2437 quolibet
836 2388 1229 2436 generalissimorum
1271 2389 1480 2426 excludere

155 2456 192 2483 et
216 2458 433 2485 semovere.
459 2446 720 2494 Contingeret
743 2455 874 2483 autem
901 2447 1063 2496 aliquod
1081 2446 1478 2494 generalissimorum

155 2518 239 2542 esse
283 2505 469 2554 colob0n‚
515 2503 546 2540 si
590 2507 719 2553 ipsum
767 2505 936 2541 existens
976 2505 1152 2554 aliquam
1199 2505 1258 2541 sui
1304 2504 1478 2553 speciem

154 2572 288 2612 posset
327 2565 473 2600 habere
512 2575 634 2611 quarn
674 2572 810 2600 tamen
842 2576 1050 2612 nunquam
1093 2564 1267 2602 haberet.
1312 2563 1480 2601 Videtur

226 2718 271 2737 21.
292 2712 373 2742 anm)
394 2709 460 2737 MS.
537 2709 586 2738 26.
607 2710 743 2744 colobovy
762 2710 831 2738 MS.

225 2780 278 2804 21.
310 2770 426 2803 Antis.
466 2771 477 2802 Ι
510 2781 573 2803 can
606 2769 677 2804 find
710 2782 757 2803 no
788 2771 889 2803 word
920 2771 990 2804 like
1021 2771 1102 2813 this,
1141 2771 1203 2803 but
1233 2778 1375 2814 suspect
1405 2771 1479 2804 that

152 2818 258 2849 auris
296 2818 324 2849 is
355 2824 484 2849 meant.
527 2818 563 2849 In
597 2818 745 2851 careless
778 2818 929 2860 writing⁷
961 2829 983 2851 r
1014 2819 1081 2851 and
1113 2820 1125 2851 t
1156 2829 1248 2851 were
1281 2818 1479 2852 somewhat

154 2864 253 2906 alike,
280 2864 347 2896 and
375 2875 455 2907 may
481 2863 571 2896 have
599 2865 654 2897 led
682 2872 717 2897 to
745 2876 763 2897 a
790 2865 948 2899 mistake.
