2067 3365
136 210 223 236 CAP.
246 209 322 236 VIII.
567 213 625 243 DE
653 212 1028 243 UNIVERSALIBUS.

135 318 348 366 punctalis,
388 318 540 355 instans
574 317 778 366 corporei3
813 326 997 365 respectu
1031 326 1166 354 tamen
1200 317 1360 354 illorum
1398 327 1455 354 est

135 388 272 424 genus,
297 376 356 413 vel
379 376 544 427 species,
566 377 627 413 vel
651 375 893 414 differencia.
916 378 1017 412 Nam
1034 375 1186 412 instans
1203 375 1449 413 individuum

134 447 213 471 non
247 443 305 471 est
338 447 398 471 res
431 434 597 471 alicuius
632 433 935 483 predicamenti,
983 446 1073 470 cum
1108 434 1264 470 nullum
1298 433 1452 470 instans

134 492 184 529 sit
206 492 441 540 quiditative
465 491 708 536 substancia,
742 493 802 529 vel
834 492 1049 540 quantitas,
1083 493 1144 528 vel
1176 491 1338 528 relacio.
1372 494 1452 528 Nec

103 550 296 599 §proprie
338 552 413 587 hoc
446 550 597 587 instans
629 550 864 597 formaliter,
904 551 972 586 sed
1005 550 1142 598 pocius
1177 550 1452 595 materialiter,

135 617 192 644 est
215 608 389 645 instans:
422 608 618 656 contingit
642 608 746 644 enirn
773 607 979 645 materiale
1002 621 1073 656 per
1096 610 1261 644 modum
1287 607 1453 644 materie

135 667 194 703 vel
241 666 458 703 materialis
504 666 761 714 multiplicari
806 666 1080 715 particularia,
1126 666 1239 703 sicud
1278 666 1453 703 formare

135 737 206 773 per
239 726 402 761 modum
436 724 576 761 forme.
624 725 695 760 Vel
728 725 828 761 forte
862 733 992 773 potest
1031 724 1109 760 dici
1149 726 1258 773 quod
1296 724 1452 761 univer-

135 784 216 819 sale
240 785 355 819 debet
385 795 468 820 esse
500 783 540 819 in
564 782 696 831 aliquo
721 782 929 819 individuo
952 783 1096 828 forma,
1132 791 1169 819 et
1192 795 1262 830 per
1286 784 1450 819 modum

83 841 276 892 10f0rme,
311 850 352 877 ut
386 841 435 878 sit
467 840 703 880 universale.
742 843 790 877 Et
822 840 891 888 sic,
924 840 1017 877 licet
1051 840 1204 877 instans
1238 853 1454 877 commune

136 907 239 936 esset
271 899 309 935 in
343 898 509 936 instanti
543 898 751 935 individuo
784 912 855 947 per
889 900 1055 936 modum
1089 900 1230 946 forme,
1277 912 1358 935 non
1399 908 1455 936 est

135 966 271 994 tamen
305 957 391 1006 ipso
421 958 563 996 forma.
597 960 645 993 Et
670 957 751 1004 [sic]
778 959 825 994 de
850 957 1017 994 materia
1041 956 1248 994 communi
1271 966 1455 1005 respectu

136 1015 404 1064 particulariS.
458 1017 560 1052 Nam
595 1015 687 1052 licet
732 1028 855 1063 genus
900 1016 1045 1053 habeat
1090 1028 1130 1052 se
1174 1028 1245 1064 per
1290 1018 1454 1052 modum

137 1074 353 1110 substantis
383 1073 423 1109 in
451 1073 656 1110 individuo
680 1083 864 1122 respectu
889 1073 1130 1118 differencie,
1165 1083 1202 1110 et
1226 1072 1456 1111 differencia

85 1139 207 1180 15per
240 1133 405 1168 modum
446 1131 723 1180 superstantis,
770 1141 806 1169 et
845 1132 997 1180 species
1031 1145 1101 1181 per
1142 1133 1306 1169 modurn
1344 1132 1384 1168 in
1417 1144 1457 1168 se

138 1190 300 1237 stantis,
363 1203 444 1227 non
491 1199 628 1226 tamen
671 1190 711 1226 in
756 1189 964 1227 individuo
1009 1203 1132 1238 genus
1185 1190 1348 1238 proprie
1400 1199 1458 1227 est

138 1250 335 1294 substans,
376 1261 450 1285 nec
483 1248 715 1285 differencia
747 1257 991 1297 superstans,
1025 1261 1098 1285 nec
1132 1248 1283 1297 species
1316 1261 1387 1296 per
1418 1261 1457 1285 se

138 1316 256 1344 stans.
292 1308 354 1343 Sic
387 1307 536 1343 instans
570 1319 787 1343 commune
821 1308 940 1343 habet
972 1319 1013 1343 se
1046 1319 1117 1355 per
1140 1308 1305 1343 modum
1330 1307 1457 1343 forme

138 1365 177 1401 in
223 1365 383 1401 instanti
429 1364 680 1413 particulari,
727 1378 807 1401 non
852 1375 988 1401 tamen
1040 1365 1080 1401 in
1134 1377 1180 1401 eo
1226 1374 1283 1401 est
1327 1365 1458 1401 forma

81 1441 122 1461 20
138 1422 312 1471 proprie,
349 1436 437 1459 cum
472 1423 511 1459 in
545 1423 708 1460 instanti
732 1423 773 1459 in
795 1423 1002 1460 individuo
1027 1422 1289 1459 materialiter
1311 1423 1458 1471 princi-

138 1481 267 1529 pietur
310 1490 483 1529 tempus,
530 1482 622 1518 licet
668 1481 819 1518 instans
865 1481 913 1517 sit
959 1482 1088 1518 forma
1123 1482 1162 1517 in
1195 1481 1271 1518 isto
1306 1483 1457 1517 mundo

139 1552 333 1587 corporeo
367 1539 638 1578 accidentalis,
673 1539 748 1576 Ubi
773 1552 866 1588 ergo
892 1539 1055 1588 proprie
1080 1541 1196 1577 debet
1221 1552 1305 1576 esse
1328 1540 1456 1576 forma

137 1598 174 1634 in
210 1610 255 1634 eo
290 1597 401 1634 cuius
435 1606 491 1634 est
525 1598 749 1635 universale
788 1608 824 1634 et
858 1610 927 1646 per
962 1599 1126 1635 modum
1161 1598 1302 1644 forme,
1344 1599 1459 1634 debet

138 1668 223 1692 esse
248 1656 375 1693 eciam
400 1655 440 1692 in
463 1656 531 1693 illo
555 1656 727 1705 qualiter
750 1669 832 1692 non
856 1665 912 1692 est
936 1656 1227 1693 demonstranti
1252 1656 1458 1693 communi

80 1721 319 1763 251·espectu
370 1714 589 1762 singularis.
644 1717 745 1751 Nam
800 1727 889 1751 cum
944 1714 1097 1751 instans
1150 1727 1365 1751 commune
1418 1714 1458 1750 in

136 1772 447 1821 particularibus
509 1772 749 1810 instantibus
812 1775 1032 1810 secundum
1097 1785 1138 1809 se
1196 1772 1459 1810 materialiter

135 1831 348 1879 principiet
388 1840 560 1879 tempus,
599 1844 678 1868 non
712 1840 769 1868 est
802 1831 841 1867 in
875 1833 926 1868 eis
960 1831 1122 1880 proprie
1155 1831 1285 1868 forma
1319 1840 1355 1868 et
1389 1844 1459 1879 per

137 1891 300 1925 modum
336 1890 477 1928 forme.

194 1950 251 1983 De
281 1947 557 1984 racionalitate
588 1947 794 1984 communi
824 1956 957 1996 posset
982 1948 1083 1984 forte
1113 1947 1191 1984 dici
1215 1961 1295 1984 uno
1321 1950 1456 1984 modo.

78 2014 119 2045 30
136 2008 238 2042 Dato
273 2007 381 2054 quod
419 2005 468 2042 sit
501 2006 627 2043 eciam
661 2005 922 2043 racionalitas
962 2006 1178 2054 singularis
1210 2019 1292 2042 non
1325 2007 1454 2042 solum

135 2077 214 2112 quo
259 2066 307 2100 ad
353 2064 576 2101 subiectum
622 2064 735 2101 sicud
779 2064 980 2112 singulare
1025 2077 1104 2113 quo
1144 2065 1192 2101 ad
1232 2064 1455 2100 subiectum

135 2132 192 2158 est
225 2135 285 2158 me
316 2135 397 2158 esse
428 2123 635 2173 racionale,
675 2124 743 2159 sed
784 2122 911 2159 eciam
953 2123 1008 2159 sic
1048 2123 1258 2170 singularis
1293 2136 1372 2171 quo
1406 2124 1456 2158 ad

137 2180 344 2217 materiam
379 2181 439 2217 vel
473 2181 752 2217 condicionem
793 2181 941 2227 forme3
987 2190 1094 2227 tunc,
1135 2181 1315 2229 inquam,
1355 2181 1457 2217 forte

135 2238 212 2276 dici
258 2247 390 2287 potest
435 2241 544 2287 quod
588 2239 847 2276 racionalitas
901 2239 1114 2288 singularis
1167 2252 1249 2276 non
1293 2238 1458 2287 proprie

79 2297 399 2338 35materialiter
431 2297 668 2334 subiectatet
710 2298 1029 2334 racionalitatem
1066 2310 1340 2345 communem,
1385 2309 1457 2333 nec

135 2355 296 2403 proprie
330 2364 460 2403 potest
493 2369 578 2392 esse
611 2356 834 2393 subiectum
859 2357 1205 2405 quemadmodum
1238 2355 1457 2393 materians

14 2424 97 2462 2¹4²
136 2426 392 2450 communem
440 2414 779 2462 racionalitatem,
823 2416 889 2451 sed
937 2423 1039 2451 esset
1084 2427 1182 2462 pure
1228 2415 1358 2450 forma
1386 2410 1391 2466 Ι
1421 2423 1458 2450 et

135 2472 300 2508 haberet
339 2485 378 2509 se
412 2473 542 2508 solum
577 2473 616 2509 in
656 2473 817 2509 racione
848 2474 997 2521 forme3
1043 2472 1165 2521 igitur
1198 2472 1456 2509 racionalitas

136 2532 359 2567 communis
404 2543 485 2567 non
531 2539 588 2567 est
620 2531 843 2569 universale
883 2532 934 2568 ad
966 2531 1211 2579 singularem
1246 2529 1458 2568 racionali-

74 2597 272 2637 4otatem.
317 2589 388 2625 Vel
428 2598 561 2637 potest
601 2589 679 2626 dici
725 2590 826 2628 forte
858 2591 967 2638 quod
1012 2602 1094 2626 non
1141 2598 1199 2626 est
1243 2588 1458 2637 singularis

205 2765 231 2794 7.
260 2748 324 2797 ffilri
351 2759 418 2786 MS.
496 2767 538 2786 12.
568 2759 611 2786 sic
638 2759 725 2787 deest
748 2760 815 2787 MS.
891 2768 939 2787 20.
970 2759 1135 2795 principiet
1157 2759 1223 2787 MS.
1299 2768 1348 2793 24.
1377 2759 1457 2786 enim

132 2801 192 2855 131ἐο
211 2793 466 2856 szcgaencitiegsl'ils.
491 2831 496 2834 ¹
528 2793 576 2821 30.
608 2795 679 2821 dato
710 2796 807 2822 eciam
837 2795 903 2822 MS.
1015 2794 1060 2822 31.
1097 2794 1144 2821 ‘ad
1176 2795 1360 2821 subiectum*
1390 2794 1457 2821 MS.

1693 215 1743 253 47

1497 334 1580 352 same
1603 334 1722 360 reason,

1485 361 1631 387 excluded
1653 361 1735 388 from

1477 395 1528 422 the
1548 395 1740 423 Unix'ersa15;

1493 732 1579 767 'I‘hey
1602 740 1673 768 may
1696 733 1729 759 be

1493 768 1554 794 lilse
1575 767 1672 794 1011115
1694 775 1726 793 as

1497 803 1624 836 regards
1645 802 1724 828 their

1494 837 1658 871 singulars,
1681 840 1731 863 but

1499 873 1569 907 they
1590 880 1647 898 are
1668 876 1721 899 not

1559 911 1668 935 torms.

1495 1967 1562 1994 The
1583 1966 1732 2001 difficulty

1490 2006 1572 2029 asto
1594 2002 1733 2035 singular

1478 2037 1652 2071 rationalitx⁷
1675 2044 1745 2071 may

1501 2073 1534 2099 be
1556 2071 1661 2098 solved
1685 2073 1723 2106 by

1496 2107 1606 2142 saying
1626 2107 1689 2132 that
1709 2107 1732 2132 it

1531 2150 1557 2169 15
1578 2149 1592 2167 a
1615 2149 1690 2175 pure

1493 2177 1585 2210 form,
1607 2176 1666 2202 and
1690 2176 1728 2211 by

1493 2219 1533 2238 no
1555 2218 1661 2238 means
1680 2211 1729 2237 the

1532 2250 1641 2273 matter
1662 2245 1696 2272 of

1534 2281 1689 2308 universal

1517 2315 1708 2351 rationality;
