2067 3365
145 231 233 259 CAP.
253 230 305 258 IX.
576 232 635 264 DE
663 231 1039 266 UNIVERSALIBUS.

144 341 232 378 liter
256 338 438 389 pluribus
468 339 724 385 substanciis,
759 338 905 376 dicitur
935 339 1163 377 communis
1198 353 1267 389 per
1302 343 1466 378 modum

146 398 324 445 materie,
365 407 402 435 et
441 406 499 435 est
538 406 581 433 ut
613 406 739 434 totum
774 397 815 434 in
848 399 982 436 modo.
1035 399 1113 435 Sed
1147 400 1468 437 substancialitas

145 458 277 506 primo
302 457 423 493 modo
449 455 568 506 dicta,
598 465 640 492 ut
665 465 790 492 toturn
817 455 1054 502 universale,
1086 465 1124 493 et
1145 457 1469 495 substancialitas

145 515 372 553 communis
418 518 464 552 20
502 522 559 550 est
602 527 765 551 omnem
810 513 1196 552 substancialitatem
1246 528 1331 552 esse
1375 518 1467 552 sub-

111 573 464 622 5stancialitatem,
510 572 611 608 sicut
656 581 694 608 et
732 572 924 609 dividitur
956 572 997 609 in
1036 585 1198 609 omnem
1240 582 1322 610 tam
1358 587 1468 611 com-

146 645 307 668 munem
353 644 474 679 quam
520 630 765 678 singularem
811 630 1214 669 substancialitatem.
1270 632 1336 668 Sic
1375 645 1469 681 ergo

144 691 301 727 videtur
340 691 448 737 quod
483 689 726 736 humanitas,
773 688 845 725 etsi
880 698 936 726 est
976 688 1219 739 animalitas,
1265 690 1379 727 sicud
1410 700 1469 728 est

144 747 481 791 substancialitas,
515 760 596 783 non
630 756 765 784 tamen
799 756 856 784 est
889 747 1114 784 animalitas
1147 748 1356 795 generalis
1391 750 1469 786 Sed

143 808 275 844 statim
330 805 394 842 hic
438 805 621 853 sequitur
673 806 795 854 quod,
853 805 885 841 si
939 805 1075 854 aliqua
1126 806 1358 844 humanitas
1411 817 1469 844 est

92 881 128 901 ιο
143 864 388 914 animalitas,
422 872 517 900 tunc
551 864 779 900 humanitas
811 863 1024 912 singularis
1057 872 1114 901 est
1146 864 1377 902 animalitas
1400 879 1470 903 sua

143 922 364 972 singularis.
427 924 475 957 Et
528 921 583 959 sic
641 921 682 958 in
744 922 954 971 supposito
1016 923 1194 960 humano
1255 923 1468 972 singularis

144 980 371 1018 humanitas
409 993 491 1016 non
524 980 656 1017 differt
689 981 850 1017 realiter
882 982 930 1017 ab
969 980 1222 1018 animalitate
1260 981 1467 1030 singulari,

143 1052 221 1088 que
254 1048 355 1076 esset
387 1051 468 1075 una
494 1051 566 1075 sua
589 1051 680 1087 pars
704 1038 955 1089 quiditativa,
987 1048 1023 1075 et
1047 1039 1261 1087 singularis
1285 1040 1468 1077 raciona-

142 1098 233 1135 litas
279 1097 357 1134 alia
397 1109 501 1148 pars,
541 1106 578 1133 et
612 1109 694 1133 non
725 1105 809 1133 tota
841 1106 986 1134 natura
1020 1097 1257 1146 quiditativa
1289 1099 1350 1135 vel
1383 1108 1469 1136 tota

89 1156 330 1205 15quiditas.

202 1216 371 1263 Propter
403 1214 511 1262 quod
542 1213 699 1250 videtur
730 1213 862 1250 verius
894 1214 1106 1251 dicendum
1129 1224 1187 1251 est
1208 1216 1330 1263 quod,
1365 1216 1467 1252 sicut

143 1272 321 1309 essencia
367 1280 423 1309 est
468 1284 653 1320 persona,
704 1281 741 1308 et
786 1282 952 1309 econtra
1007 1271 1111 1318 (licet
1157 1272 1260 1309 inter
1305 1286 1371 1310 eas
1418 1273 1468 1310 sit

143 1330 375 1367 differencia
414 1329 594 1366 formalis
626 1329 816 1378 racionis,
854 1330 935 1367 sive
969 1330 1154 1375 modalis)
1195 1331 1249 1368 sic
1289 1331 1466 1380 quiditas

143 1388 440 1437 generalissima
488 1388 663 1425 hominis
708 1397 766 1425 est
817 1388 991 1437 quiditas
1041 1389 1273 1426 subalterna
1327 1399 1363 1426 et
1409 1399 1467 1427 est

86 1447 319 1496 zoquiditas
370 1446 673 1495 specialissima,
727 1455 785 1483 est
836 1446 1011 1495 quiditas
1060 1446 1268 1484 individua
1320 1457 1357 1484 et
1409 1458 1467 1485 est

144 1506 314 1555 qualitas
347 1505 576 1542 essencialis
608 1504 796 1552 hominis,
830 1505 923 1542 licet
956 1505 1130 1554 quiditas
1164 1506 1467 1554 generalissima

142 1565 191 1601 sit
235 1563 410 1613 amplior
461 1563 808 1612 perfeccionaliter
861 1567 914 1609 (et
957 1564 1014 1600 sic
1059 1564 1171 1612 prior
1214 1564 1464 1611 naturaliter)

142 1636 261 1671 quam
309 1622 484 1671 quiditas
517 1623 760 1671 subalterna,
805 1621 1109 1670 specialissima,
1151 1623 1211 1659 vel
1243 1622 1463 1660 individua.

142 1684 190 1717 Et
222 1681 324 1718 sicut
357 1689 414 1717 est
438 1680 681 1725 differencia,
715 1693 796 1717 non
822 1680 940 1717 realis
965 1682 1033 1718 sed
1056 1681 1238 1727 modalis,
1269 1682 1466 1729 formalis,

85 1743 124 1775 25
142 1752 210 1776 seu
244 1738 430 1784 racionis,
471 1738 677 1787 quiditatis
716 1738 934 1787 superioris
974 1752 995 1775 a
1029 1739 1223 1788 qualitate
1257 1740 1465 1776 essenciali

143 1799 405 1835 contrahente
449 1797 577 1845 ipsam
623 1795 861 1845 quiditatem
903 1797 1166 1845 superiorem,
1214 1807 1250 1834 et
1284 1811 1306 1834 a
1339 1798 1464 1847 quidi-

140 1865 220 1893 tate
264 1855 456 1901 inferiori,
501 1855 557 1892 sic
596 1857 720 1892 eciam
754 1855 911 1892 videtur
949 1869 1030 1892 non
1063 1856 1181 1893 realis
1215 1856 1464 1904 composicio

140 1914 296 1963 generis
336 1915 386 1950 ad
427 1913 715 1960 differenciam,
757 1925 831 1950 nec
875 1914 992 1950 realis
1026 1914 1275 1963 composicio
1315 1914 1463 1963 speciei

141 1986 184 2010 ex
224 1985 368 2020 genere
402 1980 439 2008 et
471 1971 714 2019 differencia,
760 1974 826 2008 sed
869 1972 1116 2020 composicio
1149 1973 1343 2020 formalis,
1380 1986 1464 2010 mo-

84 2038 126 2070 3⁷0
142 2031 254 2081 dalis,
292 2044 360 2067 seu
398 2034 456 2068 2¹n
489 2030 716 2076 racionem3
762 2030 855 2067 licet
891 2031 959 2067 illa
999 2031 1249 2079 composicio
1289 2031 1463 2068 racionis

141 2090 189 2127 sit
220 2102 308 2127 vere
342 2099 379 2125 et
411 2102 503 2126 vera
536 2101 557 2125 a
591 2098 705 2137 parte
739 2088 793 2124 rei
828 2089 1089 2137 composicio,
1124 2089 1432 2138 circumscripto
1459 2088 1461 2143 Ι

15 2150 96 2195 217¹³
140 2160 396 2196 quocumque
455 2156 546 2185 actu
606 2148 833 2184 intellectus
886 2149 1021 2195 creati,
1076 2147 1179 2184 sicut
1231 2148 1465 2186 differencia

141 2206 315 2243 racionis
368 2219 437 2242 seu
490 2206 670 2242 formalis
723 2205 898 2242 essencie
949 2218 971 2241 a
1015 2206 1224 2254 supposito
1271 2216 1327 2243 est
1371 2220 1464 2243 vera

142 2273 178 2302 et
214 2277 305 2301 vere
345 2278 366 2301 a
406 2274 520 2312 parte
559 2264 615 2300 rei
656 2263 899 2301 differencia.
954 2265 1002 2300 Et
1039 2265 1106 2301 illa
1140 2264 1374 2302 differencia
1407 2275 1464 2302 est

83 2322 277 2367 351·ealis;
338 2332 375 2359 et
428 2322 495 2359 illa
548 2322 794 2370 composicio
846 2332 903 2359 est
956 2322 1084 2372 realis,
1136 2322 1229 2360 licet
1281 2336 1363 2360 non
1415 2324 1465 2361 sit

140 2380 373 2417 differencia
418 2380 549 2425 realis,
597 2394 670 2417 nec
719 2381 969 2428 composicio
1016 2380 1083 2417 illa
1127 2382 1175 2418 sit
1215 2382 1463 2430 composicio

139 2439 276 2487 reali83
331 2439 433 2476 sicut
466 2439 611 2488 aliquis
645 2449 839 2487 tyrannus
874 2448 932 2477 est
965 2440 1107 2487 bonus,
1142 2439 1233 2476 licet
1266 2441 1348 2488 ipse
1381 2453 1464 2477 non

139 2497 188 2534 sit
220 2499 347 2535 bonus
380 2507 585 2546 tyrannUS.

208 2609 256 2646 37.
277 2609 427 2646 tyrandus
447 2610 480 2644 (ἶ)
500 2610 567 2637 MS.

209 2678 263 2710 31.
296 2669 385 2702 Vera
410 2672 559 2711 aparte
583 2671 647 2702 rei.
685 2669 772 2701 This
811 2670 838 2701 is
877 2669 946 2710 just
983 2669 1041 2701 the
1081 2677 1173 2702 most
1209 2672 1464 2714 unintelligible

138 2717 237 2758 point
267 2717 301 2748 in
329 2717 427 2748 Duns
453 2716 588 2748 Scotus⁷
614 2716 766 2759 Theory.
806 2717 898 2747 How
930 2726 992 2748 can
1020 2716 1079 2749 the
1106 2717 1231 2750 formal
1259 2718 1464 2750 differences

138 2765 299 2795 between
339 2763 518 2804 animality
555 2764 621 2795 and
658 2763 857 2805 rationality
890 2762 933 2794 be
965 2770 1042 2795 true
1074 2774 1096 2796 a
1116 2767 1224 2806 parte
1247 2766 1311 2806 rei,
1350 2765 1378 2796 if
1404 2765 1463 2797 the

139 2817 211 2841 two
249 2820 309 2841 are
341 2817 402 2841 not
435 2809 594 2841 different
625 2808 766 2853 things?
806 2809 942 2852 Wyclif
971 2810 1090 2854 boldly
1126 2811 1247 2843 makes
1279 2811 1374 2843 thern
1407 2822 1460 2848 so:

141 2857 240 2889 Duns
266 2858 390 2889 Scotus
416 2856 592 2889 hesitates.

1707 238 1757 276 55

1519 1290 1727 1318 conclusion:

1532 1699 1598 1726 that
1617 1699 1706 1727 those

1521 1733 1715 1769 differences,

1524 1768 1642 1804 though
1664 1775 1718 1797 not

1503 1804 1564 1830 real
1587 1805 1640 1831 but
1660 1805 1734 1840 only

1489 1838 1604 1872 model,
1625 1839 1749 1874 formal,

1479 1880 1515 1900 or
1534 1875 1684 1909 notional,
1706 1883 1758 1903 are

1530 1913 1580 1944 yet
1598 1914 1665 1936 true
1685 1917 1705 1936 a

1532 1947 1628 1979 parte
1647 1945 1703 1975 rei.
