2067 3365
236 536 296 565 we
317 537 412 572 ought
433 537 470 564 all

256 578 286 600 lo
307 573 363 600 feel
386 572 448 600 this

284 608 365 635 hond
389 608 423 635 of

277 651 425 671 common

237 680 410 714 liumanity,
434 679 469 706 be

242 715 312 751 glad
334 715 398 742 that
418 723 465 741 we

256 754 331 779 liare
352 751 373 778 it
394 752 453 778 and

230 788 300 822 help
322 789 427 814 others
448 791 478 813 to

213 830 301 849 come
322 826 354 849 to
376 823 489 849 eterna}

248 857 298 884 life
319 857 456 893 thereby.

234 1306 284 1334 No
305 1314 363 1333 one
384 1305 480 1340 ought

279 1346 311 1368 to
333 1342 368 1368 be
390 1345 435 1367 set

261 1377 383 1410 against
403 1377 453 1402 the

260 1411 454 1443 Universals,

225 1449 331 1475 unless
352 1448 389 1474 lie
409 1454 490 1474 were

238 1491 309 1510 sure
329 1482 393 1509 that
413 1482 485 1517 they

236 1519 288 1546 did
312 1522 365 1544 not
386 1517 479 1552 exist3

279 1553 339 1580 and
363 1552 439 1579 such

261 1589 409 1616 certaintv
432 1588 457 1614 is

243 1621 429 1659 impossible
450 1624 479 1650 in
515 1607 536 1644 q

941 252 1169 284 JOHANNIS
1197 252 1397 284 WYCLIF.
1612 250 1700 278 CAP.
1724 250 1834 278 XXIII.

505 373 627 409 quam
674 360 906 397 humanitas
946 372 1188 409 quecunque
1227 359 1444 408 singularis
1485 359 1737 397 naturaliter.
1791 361 1840 396 Et

503 419 559 456 ita
608 421 656 456 de
689 419 983 456 universalibus
1029 419 1117 455 aliis
1163 427 1221 455 est
1267 418 1528 455 iudicandum
1564 432 1644 468 quo
1685 420 1737 455 ad
1769 432 1840 455 sua

504 479 732 526 singularia.

563 538 694 588 Unde7
740 550 832 573 cum
878 535 1010 573 simile
1054 536 1296 573 naturaliter
1341 535 1471 584 diligit
1523 549 1640 572 suum
1696 535 1841 586 simile⁷

506 595 675 644 quilibet
709 597 833 633 homo
866 595 1042 632 naturali
1076 595 1264 632 amicicia
1297 596 1417 632 debet
1448 595 1685 632 naturaliter
1708 595 1842 632 favere
1885 598 1900 629 5

507 664 544 691 et
590 654 864 703 congratulari
908 654 1097 691 omnibus
1142 663 1179 690 et
1231 653 1400 702 singulis
1452 653 1682 691 hominibus
1734 655 1844 703 quod

507 726 642 750 secum
690 715 867 750 habeant
912 715 1097 750 eamdem
1132 725 1393 749 communem
1435 712 1732 750 humanitatem
1766 726 1844 761 que

508 773 673 820 prodest
702 780 739 808 et
763 771 988 808 formaliter
1009 770 1106 808 facit
1129 784 1245 820 eque,
1278 784 1431 819 ymmo,
1464 772 1584 820 longe
1607 772 1697 820 plus
1720 784 1842 820 quam

508 830 788 880 cuiuscunque
833 830 1047 878 singularis
1092 829 1326 867 humanitas
1372 829 1501 879 prosit
1547 838 1585 867 et
1623 830 1745 867 faciat
1794 831 1844 867 ad

507 891 632 939 ipsum
680 902 760 926 esse
804 889 1012 936 hominem,
1065 897 1102 925 et
1141 890 1192 926 ad
1232 890 1509 938 quodcunque
1552 902 1670 926 suum
1702 889 1905 938 sacer-exo

508 948 751 985 naturaliter
783 947 1031 987 humanitus.
1085 949 1134 983 Et
1166 947 1199 983 si
1232 947 1419 985 homines
1450 947 1628 985 naturali
1661 947 1846 985 amicicia

509 1008 656 1044 debent
695 1005 776 1043 suis
815 1005 1010 1055 proximis
1049 1019 1131 1043 una
1170 1018 1305 1043 secum
1341 1006 1473 1044 favere
1512 1007 1560 1043 de
1599 1005 1671 1044 tali
1705 1019 1844 1043 eorum

510 1065 719 1102 communi
764 1067 871 1102 bono
912 1064 1088 1116 formali,
1127 1065 1288 1111 scilicet,
1331 1065 1539 1102 communi
1578 1065 1848 1113 humanitate,

510 1133 664 1173 quanto
711 1124 839 1172 magis
884 1124 1032 1161 debent
1076 1123 1237 1160 studere
1282 1125 1389 1173 quod
1434 1123 1621 1161 amicicia
1671 1124 1848 1173 gratuita

509 1183 589 1220 vite
645 1192 781 1220 eterne
828 1179 831 1235 Ι
881 1182 1091 1219 meritoria
1143 1183 1302 1220 faveant
1345 1184 1424 1220 suis
1469 1182 1665 1232 proximis
1708 1195 1846 1221 secum
1890 1186 1956 1220 258

509 1241 580 1278 tali
614 1254 763 1290 magno
797 1243 905 1278 bono
938 1241 1126 1281 naturali.

572 1302 743 1349 Propter
794 1302 903 1350 quod
956 1300 1112 1337 videtur
1172 1302 1282 1349 quod
1342 1313 1601 1350 nequaquam
1657 1302 1850 1339 deberent

511 1359 699 1396 homines
744 1359 918 1396 scienter
963 1368 1002 1396 et
1032 1359 1259 1396 voluntarie
1298 1372 1448 1408 negare
1480 1360 1575 1397 talia
1606 1359 1849 1397 universalia

512 1418 553 1454 in
588 1419 720 1464 rebus,
766 1418 844 1455 nisi
890 1417 1094 1455 evidenter
1135 1428 1427 1466 cognoscerent
1471 1418 1568 1456 talia
1612 1431 1693 1456 non
1733 1431 1851 1468 posse

515 1478 699 1514 existere:
734 1478 845 1525 quod
879 1490 1089 1525 nunquam
1127 1476 1335 1525 contingit,
1372 1490 1462 1514 cum
1498 1476 1756 1514 manifestum
1793 1486 1850 1515 est
1867 1491 1910 1513 20

515 1537 625 1585 quod
658 1536 815 1583 quilibet
845 1537 959 1572 homo
994 1545 1051 1572 est
1085 1536 1224 1582 homo,
1260 1545 1296 1572 et
1329 1544 1439 1584 patet
1466 1536 1541 1573 toti
1566 1538 1718 1573 mundo
1743 1538 1851 1585 quod

541 1595 672 1631 uilibet
711 1607 829 1644 equus
868 1602 927 1632 est
965 1594 1129 1634 animal.
1182 1596 1231 1631 Et
1264 1595 1396 1644 placet
1435 1594 1510 1632 deo
1550 1596 1658 1644 quod
1697 1596 1853 1645 quilibet

233 1666 381 1695 presence
403 1658 489 1697 osso
503 1654 642 1704 fidelis
680 1653 809 1701 diligit
842 1654 977 1699 deum,
1019 1662 1056 1690 et
1096 1661 1257 1701 oportet
1295 1654 1502 1703 quemlibet
1535 1654 1727 1691 hominem
1768 1667 1853 1691 esse

220 1703 314 1730 many
336 1693 444 1729 prooss
469 1702 497 1721 in

249 1732 328 1758 their
348 1731 469 1757 favour.

265 2129 371 2157 Those
394 2128 464 2155 who

262 2165 361 2191 attaclc
382 2164 465 2190 them

261 2208 311 2227 arc
333 2199 472 2234 sopliists

253 2235 326 2262 who
348 2234 436 2261 ail‘ect
457 2242 473 2260 a

232 2277 380 2298 common
402 2269 492 2303 table,

259 2306 382 2333 kitchen
406 2306 465 2331 ancl

267 2341 364 2368 meals
386 2339 459 2367 with

232 2377 321 2404 other
343 2383 424 2407 rnen,
446 2378 494 2410 yet

238 2412 341 2439 refuso
362 2415 393 2437 to
415 2411 491 2437 have

259 2446 421 2481 humanity
444 2446 471 2472 in

243 2489 392 2509 common
415 2481 487 2508 will]

318 2518 414 2544 them.

516 1712 723 1749 hominem
760 1713 832 1748 sul)
866 1721 1066 1760 potestate
1100 1712 1178 1753 dei.
1212 1715 1261 1749 Et
1294 1712 1393 1749 fides
1426 1712 1629 1750 katholica
1664 1722 1722 1750 est
1744 1714 1854 1762 quod

515 1771 671 1820 quilibet
723 1771 838 1807 bomo
892 1770 959 1820 qui
1013 1770 1194 1808 nondum
1249 1770 1467 1808 resurrexit
1527 1781 1708 1820 resurget
1760 1785 1851 1809 cum
1871 1775 1909 1808 25

517 1843 689 1878 corpore
721 1842 813 1876 suo3
849 1838 886 1866 et
918 1831 1139 1867 tenendum
1174 1838 1231 1867 est
1265 1830 1438 1867 fideliter
1462 1838 1499 1867 et
1521 1830 1722 1868 katholice
1746 1833 1852 1880 quod

517 1889 673 1937 quilibet
716 1890 830 1925 homo
876 1888 1049 1925 finaliter
1082 1902 1199 1926 carus
1239 1889 1315 1926 deo
1355 1889 1595 1939 salvabitur3
1641 1898 1678 1926 et
1718 1890 1853 1926 defen-

518 1949 696 1984 dendum
734 1956 791 1984 est
823 1960 952 1996 usque
985 1948 1036 1984 ad
1069 1956 1243 1985 mortem
1278 1949 1388 1997 quod
1426 1948 1584 1998 quilibet
1615 1956 1772 1986 sanctus
1814 1948 1854 1985 in

517 2006 596 2043 vita
631 2015 770 2043 eterna
805 2006 911 2042 clare
944 2006 1052 2043 videt
1086 2008 1219 2045 deum.
1253 2009 1302 2043 Et
1329 2007 1463 2043 nullus
1488 2006 1713 2044 Cristianus
1737 2009 1856 2044 audet

519 2065 655 2101 dicere
688 2065 798 2114 quod
831 2066 907 2102 hoc
947 2078 1030 2102 non
1066 2074 1170 2102 esset
1203 2065 1353 2102 iustum
1389 2067 1499 2114 quod
1532 2066 1688 2115 quilibet
1722 2067 1854 2117 damp·
1872 2072 1914 2104 30

518 2132 632 2160 natus
670 2123 712 2160 in
744 2124 901 2160 inferno
941 2124 1108 2173 punitur
1142 2124 1246 2161 miro
1289 2126 1412 2161 modo
1445 2125 1630 2173 graviter,
1684 2125 1784 2162 Istas
1818 2134 1856 2162 et

518 2182 748 2219 consimiles
793 2182 982 2220 veritates
1027 2197 1050 2220 a
1093 2192 1208 2232 parte
1254 2183 1311 2221 rei
1350 2197 1432 2220 non
1474 2192 1532 2220 est
1566 2183 1734 2220 dubium
1771 2196 1856 2221 esse

517 2242 578 2277 vel
612 2241 781 2278 innuere
826 2242 976 2279 formas
1011 2255 1251 2278 communes
1298 2251 1334 2278 et
1374 2241 1623 2280 universales
1662 2242 1703 2279 in
1737 2244 1856 2279 rebus

518 2299 808 2348 singularibus3
858 2300 1123 2349 sophisticent
1162 2314 1204 2337 se
1244 2309 1608 2350 quantumcunque
1653 2301 1857 2338 voluerint

519 2367 811 2408 persequentes
845 2372 868 2396 a
901 2372 943 2397 re
977 2360 1048 2396 has
1089 2367 1126 2396 et
1159 2359 1391 2396 consimiles
1425 2360 1625 2397 veritates.
1681 2362 1729 2396 Et
1764 2373 1854 2397 cum
1873 2367 1913 2400 35

519 2417 607 2453 aliis
661 2416 893 2455 hominibus
945 2419 1086 2455 volunt
1140 2419 1287 2455 habere
1342 2431 1521 2456 mensam
1579 2431 1855 2467 communem,

519 2475 738 2525 coquinam
793 2489 1067 2523 communem,
1129 2477 1394 2514 collacionem
1451 2490 1727 2526 communem,
1781 2486 1855 2516 etc.

522 2535 648 2572 miror
681 2535 854 2584 qualiter
888 2549 978 2572 cum
1014 2536 1166 2573 eisdem
1199 2537 1346 2573 nolunt
1378 2537 1527 2573 habere
1560 2536 1856 2574 humanitatem

521 2607 795 2633 communem.
840 2596 987 2631 Volunt
1027 2596 1117 2644 plus
1150 2608 1236 2632 esse
1269 2594 1420 2632 similes
1455 2595 1529 2632 sibi
1563 2595 1604 2632 in
1638 2596 1714 2632 hoc
1747 2596 1857 2645 quod

521 2662 615 2690 sunt
649 2653 821 2690 mensati
855 2654 1143 2700 communiter,
1178 2653 1403 2703 coquinam,
1437 2655 1584 2703 pransi,
1619 2655 1679 2691 vel
1714 2654 1916 2702 potati‚4o

521 2725 643 2760 quarn
679 2711 718 2748 in
754 2724 800 2749 eo
834 2714 939 2761 quod
975 2721 1066 2749 sunt
1102 2712 1306 2759 homines3
1341 2726 1430 2749 cum
1457 2714 1506 2750 ad
1531 2725 1600 2749 eos
1630 2725 1716 2749 esse
1749 2726 1857 2750 com-

596 2916 639 2935 12.
661 2913 695 2934 ν’*
717 2907 783 2935 MS.
860 2908 910 2935 20.
934 2912 979 2935 est
1000 2909 1081 2943 quotl
1107 2908 1172 2934 MS.
1249 2898 1402 2936 &Minue
1424 2908 1492 2935 MS.
