2067 3365
474 712 806 761 CAPITULUM
843 712 1154 760 SEPTIMUM.

214 827 317 874 Quia
363 829 483 877 igitur
523 830 627 865 ultra
674 829 787 877 signa
832 842 853 865 a
887 837 1000 877 parte
1034 830 1087 865 rei
1122 836 1179 864 est
1213 828 1328 864 nobis
1361 827 1474 864 intel-

152 886 377 924 lectualiter
422 888 496 925 hoc
541 888 655 924 valde
701 897 869 934 certum,
917 896 955 923 et
999 887 1101 923 sicut
1146 900 1217 935 per
1261 900 1301 923 se
1347 900 1474 923 mani-

153 946 425 990 festissimum,
472 947 580 995 quod
628 958 748 982 omne
794 959 862 982 ens
908 954 964 982 est
1010 958 1096 991 ens;
1143 945 1324 994 alioquin
1370 946 1474 981 ultra

119 1005 263 1052 §signa
297 1017 318 1040 a
353 1013 466 1052 parte
498 1004 553 1041 rei
585 1017 628 1041 ex
652 1006 792 1041 eadem
817 1004 980 1041 racione
1003 1003 1127 1040 nichil
1151 1004 1476 1041 intellectualiter

150 1064 210 1100 vel
243 1063 481 1099 sensualiter
510 1072 567 1100 est
601 1063 717 1099 nobis
752 1071 903 1099 certum
940 1071 977 1099 et
1012 1063 1285 1111 manifestum3
1319 1070 1355 1099 et
1379 1062 1475 1110 quia

152 1123 226 1158 hoc
260 1130 427 1171 certum,
461 1122 612 1158 “omne
646 1134 713 1158 ens
747 1130 805 1158 est
838 1121 938 1158 ens''
974 1130 1030 1157 est
1063 1121 1206 1158 entitas
1231 1122 1475 1167 communis;

152 1182 199 1216 tle
243 1179 481 1216 necessitate
526 1181 654 1216 omnis
700 1179 845 1216 entitas
892 1181 1005 1226 (sicut
1052 1192 1134 1216 esse
1175 1181 1247 1216 lzoc
1290 1183 1371 1225 ens)
1419 1188 1477 1215 est

151 1238 295 1275 entitas
340 1238 583 1284 huiusmodi,
630 1246 667 1275 et
709 1240 794 1286 lzoc,
840 1246 876 1274 et
921 1250 1003 1274 esse
1047 1239 1118 1274 hoc
1156 1251 1221 1275 ens
1261 1247 1319 1275 est
1359 1237 1476 1273 huius

99 1297 329 1337 [oentitatis
369 1296 423 1346 (et
457 1297 511 1334 ita
545 1298 593 1333 de
626 1296 731 1344 aliis)
770 1305 927 1333 constat
967 1297 1075 1345 quod
1110 1305 1167 1332 est
1200 1297 1331 1333 forma
1366 1309 1475 1332 com-

153 1354 387 1391 munissima
432 1354 473 1391 in
518 1356 650 1402 rebus,
696 1368 773 1403 que
819 1364 876 1391 est
920 1354 1017 1403 quid
1065 1355 1180 1391 valde
1226 1363 1393 1398 certum,
1440 1363 1476 1390 et

150 1414 262 1450 sicud
307 1426 377 1461 per
422 1426 462 1450 se
503 1412 887 1452 manifestissimum.
942 1414 1073 1458 Quam
1114 1412 1145 1449 si
1185 1425 1282 1450 voce
1328 1424 1476 1460 negare

153 1472 269 1521 [quis]
304 1472 434 1518 vellet,
482 1472 601 1508 corde
635 1484 708 1508 nos
742 1484 828 1508 eam
866 1470 1048 1519 profiteri
1081 1480 1256 1519 oportet,
1304 1484 1394 1508 cum
1429 1472 1475 1507 sit

151 1543 221 1578 per
236 1544 276 1567 se
294 1529 468 1578 primum
492 1528 694 1578 obJectum
716 1529 939 1567 intellectus
958 1542 1029 1578 per
1044 1542 1085 1566 se
1102 1529 1472 1566 manifestissimum

98 1598 134 1629 15
152 1590 259 1637 apud
305 1590 475 1625 eundem
525 1588 697 1625 maxime
742 1597 779 1624 et
824 1587 1158 1626 communissime
1198 1601 1269 1636 per
1308 1589 1473 1624 modum

152 1648 278 1684 forme
312 1647 541 1683 essencialis
574 1648 721 1696 prime3
755 1656 792 1684 et
824 1659 895 1695 per
929 1659 1181 1695 consequens
1214 1659 1286 1695 per
1309 1648 1475 1683 modum

151 1705 249 1742 lucis
283 1705 502 1754 spiritualis
543 1705 672 1754 prime
711 1705 893 1742 omnium
935 1704 1056 1741 simul
1088 1704 1401 1753 intelligibilium
1436 1704 1477 1741 in

151 1764 247 1812 ipsis
281 1764 361 1800 vise
394 1764 628 1803 formaliter.

207 1823 257 1858 Et
300 1822 392 1859 licet
435 1822 502 1859 illa
548 1822 599 1859 sit
642 1823 773 1859 forma
819 1821 1048 1859 communis
1088 1822 1128 1858 in
1164 1821 1312 1869 multis,
1359 1830 1395 1858 et
1429 1823 1476 1858 de

91 1880 282 1921 20multis
334 1882 654 1929 quodammodo,
714 1893 796 1917 non
849 1889 987 1917 tamen
1041 1890 1098 1917 est
1150 1880 1374 1918 universale
1428 1882 1476 1917 de

148 1939 326 1987 quinque
378 1939 673 1976 universalibus
731 1952 809 1988 que
862 1939 1053 1975 dicuntur
1112 1952 1250 1987 genus,
1309 1938 1475 1989 species7

144 1997 393 2048 differenda,
447 1999 653 2046 proprium
708 2006 745 2034 et
798 1997 985 2034 accidens
1039 1997 1286 2045 communis;
1339 2006 1474 2033 tamen

149 2058 292 2104 poterit
324 2056 459 2093 vocari
492 2057 714 2093 universale
746 2056 807 2093 vel
840 2055 1088 2107 universalis,
1122 2069 1212 2092 cum
1243 2055 1293 2092 sit
1316 2055 1474 2092 univer—

147 2128 283 2151 sorum
319 2114 476 2152 entitas.
510 2116 801 2151 Verumtamen
834 2114 963 2151 forma
999 2114 1226 2151 communis
1258 2113 1475 2151 inexistens

90 2180 129 2213 25
149 2183 205 2209 est
250 2173 289 2209 in
323 2174 411 2221 plus
456 2184 578 2222 quam
612 2172 776 2221 proprie
809 2172 1035 2210 universale
1069 2173 1188 2217 reale,
1234 2173 1294 2209 vel
1318 2172 1475 2208 univer-

148 2231 283 2268 salitas
329 2231 447 2268 realis
492 2231 718 2268 inexistens.
773 2234 841 2268 Est
894 2240 1027 2268 autem
1083 2231 1299 2268 inexistens
1344 2231 1476 2267 forma

148 2290 389 2337 communis,
424 2291 474 2326 ad
508 2290 783 2327 differenciam
809 2290 937 2326 forme
968 2289 1196 2327 communis
1221 2289 1474 2337 exemplaris,

148 2361 223 2397 que
268 2362 350 2385 non
393 2348 576 2397 pluribus
610 2348 767 2385 divisim
815 2357 947 2397 potest
986 2347 1211 2385 formaliter
1249 2347 1475 2385 inexistere.

206 2406 271 2443 Sic
303 2408 458 2444 videtur
491 2408 600 2456 quod
634 2408 730 2443 deus
765 2406 815 2444 sit
847 2406 1063 2444 inexistens
1092 2407 1223 2443 forma
1247 2405 1476 2443 communis

91 2473 132 2504 30
148 2465 275 2501 tribus
309 2465 454 2502 divinis
499 2465 732 2514 suppositis,
773 2474 809 2501 et
844 2465 990 2502 entitas
1023 2466 1313 2502 transcendens
1346 2465 1477 2500 forma

149 2536 236 2560 com
246 2523 374 2559 munis
392 2523 431 2560 in
447 2523 616 2560 existens
641 2523 751 2560 omni
768 2523 862 2561 enti.
879 2524 998 2560 Nulla
1016 2532 1153 2560 tamen
1178 2532 1235 2559 est
1254 2522 1479 2559 formaliter

147 2581 372 2619 universale
417 2581 633 2618 inexistens
680 2582 738 2619 vel
782 2581 1021 2619 universalis
1076 2581 1306 2628 inexistens,
1360 2589 1479 2629 prout

148 2640 373 2677 universale
407 2640 596 2678 dividitur
629 2640 668 2677 in
702 2640 769 2677 illa
802 2640 994 2689 quinque,
1030 2653 1166 2688 genus,
1201 2639 1367 2687 speeies,
1402 2647 1478 2677 etc.

149 2858 203 2884 dee
220 2831 310 2884 {7525
324 2822 498 2857 Septimum
530 2823 635 2856 deest;
664 2823 757 2850 blank
788 2830 880 2858 space
898 2822 962 2858 for
987 2823 1095 2850 Im'lial
1115 2822 1140 2858 Q
1162 2822 1229 2849 MS.
1337 2821 1378 2849 13.
1410 2820 1479 2856 quis

204 2866 218 2883 S
317 2880 321 2885 .

1271 2902 1341 2938 „3ae

1506 834 1564 862 We
1586 835 1663 861 have
1683 835 1756 862 then

1446 886 1452 892 ·
1501 871 1563 896 this
1584 870 1757 903 Universal,

1513 905 1627 941 Entity,
1649 906 1751 932 which

1546 945 1659 967 cannot
1681 940 1716 967 be

1512 975 1620 1002 denied
1644 979 1751 1009 except

1555 1010 1703 1045 verbally,

1515 1430 1579 1459 and
1596 1430 1697 1457 which
1719 1430 1745 1457 is

1502 1465 1552 1491 the
1573 1465 1637 1492 first
1657 1464 1756 1500 object

1526 1500 1560 1527 of
1577 1501 1627 1527 the
1650 1500 1735 1527 mind

1515 1535 1615 1562 which
1636 1535 1751 1564 thinks.

1514 1827 1586 1854 Itis
1606 1827 1635 1854 in
1660 1834 1753 1863 many

1532 1862 1591 1890 and
1614 1862 1679 1889 said
1701 1862 1734 1888 of

1510 1906 1613 1933 many,
1635 1903 1684 1932 yet
1704 1901 1759 1924 not

1551 1933 1610 1960 like
1629 1932 1718 1959 those

1587 1968 1675 1994 other

1499 2002 1690 2037 Univei·salS‚
1712 2002 1762 2028 the

1536 2038 1654 2072 Genus,
1674 2038 1724 2064 the

1527 2073 1665 2107 Speciem,
1686 2073 1737 2099 the

1503 2108 1687 2142 miletenae,
1706 2108 1757 2134 the

1514 2143 1665 2178 Property
1685 2142 1745 2169 and

1509 2179 1559 2205 the
1577 2178 1747 2211 Accident;

1530 2232 1588 2252 nor
1607 2228 1655 2258 yet
1676 2224 1735 2250 like

1514 2260 1563 2286 the
1584 2259 1752 2293 Exemplar

1520 2295 1614 2322 Form
1636 2294 1738 2320 which

1510 2330 1585 2356 does
1606 2334 1660 2356 not
1680 2330 1757 2356 exist

1532 2364 1677 2400 foi-mally
1697 2364 1728 2391 in

1576 2407 1689 2435 manyJ

1511 2446 1564 2472 bnt
1585 2445 1758 2472 somewhat

1515 2481 1574 2507 like
1595 2481 1645 2507 the
1667 2479 1753 2514 Deiiy

1520 2516 1549 2542 in
1571 2516 1621 2542 the
1642 2514 1747 2541 Three

1517 2551 1662 2583 Persons,
1684 2549 1749 2576 that

1530 2594 1580 2612 are
1600 2585 1637 2612 all
1660 2584 1741 2611 God.
