2067 3365
263 247 314 284 52
1000 246 1229 278 ,IOHANNIS
1256 247 1459 279 WYCLIF.
1732 244 1824 272 CAP·
1844 244 1898 273 IX·

557 356 616 391 2m
663 366 784 403 quam
839 353 1096 391 individuum
1152 353 1359 392 racionale
1414 354 1650 404 parcialiter
1702 354 1901 393 subicitur

556 412 766 449 communi
799 413 1088 452 racionalitati.
1134 414 1200 451 Sic
1233 414 1363 451 eciam
1397 415 1447 451 de
1480 413 1735 451 animalitate
1764 413 1901 463 singu-

555 471 630 508 lari
664 480 850 521 respectu
884 472 1126 519 communis,
1175 481 1213 510 et
1246 474 1295 510 de
1334 472 1590 510 humanitate
1630 472 1828 521 singulari
1862 481 1901 511 et

556 530 784 568 risibilitate
832 530 1030 580 singulari
1076 540 1262 580 resp'ectu
1308 532 1574 581 singularium
1615 545 1717 581 quas
1750 531 1902 569 indivi-

557 590 684 626 duum
738 589 957 639 participat
1010 591 1050 628 in
1095 590 1244 628 talibus
1289 590 1576 640 singularibus,
1631 590 1934 638 animalitate,5

558 648 858 696 racionalitate,
893 658 930 686 et
964 649 1234 689 humanitate.

287 701 520 765 ἢεὲἰῑὲξὲῇῐὲἢῆῦ
617 710 667 745 Et
711 708 805 745 licet
850 710 974 745 homo
1020 707 1071 746 sit
1115 722 1188 746 sua
1233 708 1466 746 animalitas
1513 709 1582 758 [et]
1623 708 1900 757 racionalitas,

262 772 422 813 with-any
442 773 478 800 of
496 773 544 801 his
558 766 662 804 sicut
696 776 734 803 et
767 780 839 804 sua
872 767 1119 815 humanitas,
1154 781 1245 805 cum
1280 768 1321 805 in
1355 767 1473 805 dictis
1507 769 1731 805 secundum
1767 780 1808 805 se
1842 776 1902 806 est

279 808 530 871 ἳὲζζξυζῗζξὲῗ
559 825 668 862 idem
712 826 836 876 ipsum
883 836 921 863 et
964 827 1090 876 ipsum
1135 839 1229 873 esse,
1275 839 1358 863 non
1397 836 1535 864 tamen
1568 826 1705 876 aliqua
1738 826 1901 864 illarum

282 878 526 942 Ῐᾛὲῖξῡὲιὼζῇὼ
560 893 802 922 naturarum
849 894 907 922 est
947 885 1119 936 reliqua,
1160 894 1204 923 ut
1235 885 1394 923 videtur
1427 895 1526 935 puta
1558 886 1677 934 false3
1723 886 1827 923 sicut
1861 885 1903 922 in
1923 904 1961 925 10

496 936 502 943 ’
561 943 742 981 essencia
786 943 1047 992 singulariter
1100 957 1299 994 corporea
1342 953 1422 982 tres
1476 954 1622 983 nature
1675 945 1848 982 multum
1897 940 1900 998 Ι

356 997 458 1035 Every
561 1003 757 1052 dispares,
792 1002 965 1041 scilicet:
1001 1003 1185 1050 materia,
1220 1004 1365 1051 forma,
1399 1004 1527 1041 altera
1550 1017 1644 1053 pars
1668 1002 1902 1053 compositi,
1943 999 2027 1033 216⁸

315 1033 497 1069 compound

287 1069 380 1104 being
399 1070 427 1096 is
446 1069 518 1097 thus
560 1069 598 1099 et
629 1061 767 1099 totalis
814 1062 1044 1099 essencialis
1090 1071 1238 1100 natura
1270 1063 1501 1112 compositi,
1548 1076 1722 1113 quarum
1769 1063 1903 1112 prima

263 1105 900 1176 asffiaffoesspssffffi3imperfectissima
939 1121 1044 1159 inter
1077 1135 1144 1160 eas
1179 1131 1252 1168 est,
1295 1126 1339 1160 2a
1379 1121 1616 1171 perfeccior,
1657 1130 1696 1160 et
1728 1126 1775 1173 3³
1813 1134 1903 1171 per-

264 1175 544 1239 ἀίἒῖεᾎῑῑξξοᾞθὸἒῃρ
558 1180 796 1228 fectissima,
829 1193 972 1218 omnes
1005 1188 1097 1218 sunt
1129 1189 1268 1218 tamen
1302 1182 1444 1219 eadem
1480 1180 1662 1219 essencia
1690 1180 1903 1230 singularis
1923 1190 1961 1223 15

289 1247 429 1281 another,
451 1246 523 1283 they
560 1251 773 1288 corporea.
807 1242 910 1276 Nam
946 1253 1038 1277 cum
1073 1240 1253 1289 quelibet
1287 1252 1427 1277 earum
1462 1239 1513 1277 sit
1546 1239 1726 1277 essencia
1748 1240 1902 1290 aliqua,

281 1282 532 1345 mqffiyseltmheave
559 1297 674 1335 sicud
704 1306 741 1335 et
764 1307 822 1336 est
844 1298 963 1336 realis
987 1308 1026 1336 et
1049 1299 1280 1337 essencialis
1304 1299 1466 1346 entitas,
1499 1312 1582 1337 non
1612 1298 1692 1336 alia
1722 1298 1904 1337 essencia

334 1360 471 1380 essence.
559 1357 634 1394 erit
669 1357 852 1404 materia,
886 1357 966 1395 alia
998 1358 1143 1397 forma.
1176 1359 1280 1396 Cum
1304 1357 1412 1395 enim
1437 1358 1571 1396 forma
1600 1358 1744 1410 (sicud,
1766 1357 1905 1407 gracia

559 1415 745 1465 exempli,
797 1416 985 1465 igneitas)
1045 1417 1096 1454 sit
1149 1417 1331 1455 essencia
1384 1430 1584 1466 corporea
1636 1430 1719 1454 esse
1771 1418 1902 1469 ignem

559 1475 779 1522 actualiter,
825 1475 858 1512 si
903 1475 1085 1513 essencia
1123 1475 1231 1513 illius
1264 1477 1396 1514 forme
1441 1489 1532 1526 que,
1574 1475 1691 1514 sicud
1736 1485 1796 1514 est
1835 1476 1905 1513 illa
1921 1496 1963 1518 20

354 1528 464 1556 Matter

311 1564 464 1592 indicates
485 1572 502 1591 a
559 1535 706 1584 forma,
740 1533 797 1571 ita
830 1543 888 1571 est
921 1548 1005 1572 esse
1026 1535 1181 1587 ignem;
1212 1535 1258 1584 si,
1283 1534 1467 1585 inquam,
1502 1535 1572 1572 illa
1594 1534 1776 1574 essencia
1799 1543 1905 1573 esset

299 1600 390 1636 given
412 1601 510 1639 thing,
560 1593 639 1630 alia
673 1595 723 1630 ab
757 1593 939 1631 essencia
974 1594 1155 1643 materie,
1191 1607 1283 1632 cum
1319 1594 1377 1631 illi
1411 1593 1591 1632 essencie
1613 1594 1742 1644 ipsius
1774 1594 1904 1632 forme

283 1636 527 1704 εζᾛῖοῗζζᾞζε
560 1652 775 1690 conveniat
807 1665 890 1690 esse
921 1653 1053 1704 ignem
1083 1654 1352 1705 corporaliter
1375 1661 1410 1691 et
1432 1654 1656 1700 actualiter,
1690 1662 1787 1691 tunc
1822 1653 1906 1701 (illa

327 1706 485 1776 ῐξζῐῇᾒὲἶθ
560 1711 741 1749 essencia
756 1711 1085 1762 circumscripta)
1108 1713 1239 1750 eciam
1257 1713 1428 1750 materia
1451 1721 1556 1750 esset
1578 1712 1683 1762 ignis
1710 1725 1904 1762 corpora-

290 1777 522 1814 terminatively
560 1770 664 1811 liter,
717 1772 839 1818 Quod
873 1780 931 1808 est
964 1771 1232 1821 impossibile.
1288 1773 1391 1809 Cum
1424 1772 1546 1821 igitur
1579 1772 1714 1821 prima
1742 1771 1905 1809 illarum
1923 1783 1963 1817 25

283 1812 381 1876 5ῗὲξέ
398 1813 530 1876 ᾖῐέἣῂῑέθ
562 1839 804 1867 naturarum
851 1830 902 1868 sit
947 1831 1133 1877 materia,
1190 1831 1241 1868 sit
1285 1831 1497 1868 essenciam
1543 1843 1779 1881 corpoream
1825 1843 1908 1868 esse

266 1884 757 1947 emffiffcffiuggthjniciative
789 1889 935 1942 ignem,
970 1899 1008 1927 et
1041 1892 1231 1937 secunda,
1266 1890 1423 1927 scilicet
1455 1890 1602 1937 forma,
1650 1891 1778 1928 altera
1811 1902 1907 1940 pars

417 1939 430 1946 Ψ
540 1941 546 1954 2

267 1955 321 1981 but
346 1954 377 1982 in
404 1954 443 1982 all
463 1957 549 1983 three
564 1947 795 1997 compositi,
828 1948 880 1986 sit
912 1950 1071 1987 eandem
1106 1950 1316 1987 essenciam
1350 1961 1586 2000 corpoream
1616 1962 1699 1986 esse
1719 1950 1907 1987 termina-

289 1991 524 2060 sussssggtsitshsshe
562 2007 640 2044 tive
672 2007 803 2059 ignem
839 2017 877 2045 et
910 2011 956 2058 3³
984 2017 1131 2046 natura
1165 2009 1217 2046 sit
1249 2008 1361 2046 illam
1395 2010 1557 2046 eandem
1589 2009 1801 2046 essenciam
1825 2021 1908 2046 esse

361 2069 460 2089 same.
563 2067 754 2117 complete
797 2074 833 2103 et
877 2068 1054 2105 totaliter
1097 2075 1176 2104 tam
1223 2068 1420 2104 iniciative
1463 2080 1577 2118 quam
1614 2067 1774 2119 finitive
1825 2080 1908 2105 esse
1925 2079 1967 2112 30

563 2126 717 2177 ignem,·
749 2134 787 2163 et
819 2126 999 2175 quelibet
1032 2126 1193 2164 illarum
1229 2136 1288 2164 est
1320 2126 1458 2177 aliqua
1481 2126 1663 2164 essencia
1687 2138 1905 2176 corporea:

563 2184 743 2234 quelibet
784 2184 949 2223 illorum
991 2185 1065 2223 erit
1103 2199 1185 2223 una
1225 2195 1263 2223 et
1296 2187 1439 2224 eadem
1479 2186 1660 2224 essencia
1695 2198 1906 2235 corporea.

293 2247 383 2287 They
403 2258 455 2278 are
475 2254 529 2278 not
623 2244 691 2281 Ille
725 2244 855 2281 eciam
890 2257 952 2282 res
986 2254 1132 2282 nature
1164 2244 1222 2282 sic
1247 2245 1431 2295 dispares
1455 2254 1549 2282 sunt
1572 2244 1757 2297 omnino,
1786 2244 1909 2282 simul

286 2286 538 2356 Ogggessssfssffie
564 2311 603 2340 et
627 2302 800 2350 divisim,
831 2302 940 2341 idem
965 2304 1223 2353 suppositum
1248 2317 1508 2354 corporeum,
1531 2313 1576 2341 ut
1597 2304 1769 2342 videtur.
1804 2306 1907 2341 Nam

270 2357 654 2420 sahiffiiffivigfialcum
706 2361 840 2411 prima
889 2371 1038 2401 natura
1086 2363 1270 2412 (scilicet,
1318 2362 1501 2411 materia)
1555 2363 1606 2400 sit
1650 2363 1906 2413 suppositum
1925 2372 1965 2408 35

269 2427 369 2462 thing,
394 2429 483 2468 since!
499 2421 680 2469 the1gnis,
727 2421 865 2469 gracia
911 2422 1097 2472 exempli,
1145 2431 1204 2460 est
1247 2422 1452 2460 iniciative
1496 2422 1652 2471 ignem3
1700 2423 1810 2472 quod
1850 2431 1909 2460 est

324 2471 498 2533 esssssffgffisfs
566 2480 717 2517 dictum
766 2485 824 2518 2m
859 2494 900 2518 se
934 2483 983 2519 de
1015 2481 1085 2518 illo
1119 2481 1330 2531 supposito
1363 2481 1479 2531 ignis,
1527 2481 1651 2530 Igitur
1682 2482 1909 2519 secundum

565 2548 776 2576 auctorem
802 2552 846 2577 ex
872 2544 952 2591 7¹¹¹⁰
978 2541 1273 2591 methaphisice
1295 2540 1481 2590 superius
1504 2541 1739 2589 allegatum,
1773 2540 1908 2590 ipsum

566 2599 822 2648 suppositum
870 2599 975 2648 ignis
1022 2600 1097 2637 erit
1145 2600 1213 2638 illa
1260 2609 1421 2646 natura,
1468 2609 1507 2638 et
1550 2609 1731 2646 econtra,
1778 2599 1906 2638 eciam

638 2761 664 2789 3.
694 2750 774 2809 ιζιζειιι
804 2761 872 2789 MS.
982 2770 1011 2796 4.
1045 2762 1089 2790 rit*
1117 2761 1184 2789 MS.
1297 2770 1324 2798 7.
1356 2767 1384 2790 et
1411 2763 1496 2790 deest
1521 2761 1588 2790 MS.
1702 2771 1745 2790 10.
1767 2763 1810 2790 sae
1839 2761 1907 2790 MS.

569 2810 618 2838 38.
640 2811 721 2837 aucte
748 2809 818 2838 MS.

643 2871 693 2894 10.
720 2860 833 2893 Falsa.
869 2861 879 2891 Ι
908 2860 1050 2892 confess
1078 2861 1088 2892 Ι
1116 2871 1180 2893 can
1208 2861 1310 2894 make
1336 2861 1487 2903 nothing
1512 2861 1552 2893 of
1574 2859 1633 2893 the
1660 2860 1906 2894 abbreviation

568 2908 601 2939 in
628 2908 686 2940 the
713 2909 786 2940 MS.
813 2907 971 2950 Perhaps
998 2908 1022 2939 it
1048 2907 1176 2940 should
1204 2909 1246 2940 be
1265 2909 1388 2950 facile.
