2067 3365
155 266 244 293 CAP-
265 265 346 293 XVI·
578 268 638 300 DE
664 266 1042 299 UNIVERSALIBUS.

153 375 345 423 personis,
398 374 587 423 Alioquin
621 373 886 423 personalitas
925 386 1007 410 non
1046 373 1202 410 videtur
1234 386 1350 422 posse
1382 386 1474 410 vere

153 446 296 481 capere
340 432 659 470 abstraccionem
702 446 725 469 a
762 445 804 468 re
837 431 1054 480 personali,
1100 433 1169 468 sed
1202 444 1351 468 nomen
1385 444 1474 479 per-

152 503 262 538 sone,
308 504 354 528 eo
386 493 472 539 ipso
505 492 614 538 quod
647 490 855 527 concernit
887 502 970 526 rem
1005 490 1274 538 personalem,
1314 498 1352 526 et
1384 502 1473 537 per-

152 562 265 595 sona,
301 562 347 586 eo
380 549 466 597 ipso
499 550 607 597 quod
639 561 723 585 rem
758 548 1010 596 personalem
1046 556 1083 584 et
1115 547 1171 583 sic
1204 547 1475 584 incommum-

119 607 321 643 5cabilem
370 607 552 655 personis
597 606 779 655 pluribus
824 606 1043 655 concernit,
1092 618 1349 654 nequaquam
1397 606 1474 642 tale

153 665 404 713 predicatum
438 673 570 713 potest
603 677 803 713 recepere.
837 666 920 700 Nec
954 673 1012 701 est
1044 664 1174 700 simile
1198 665 1318 712 quod,
1352 663 1384 700 si
1417 672 1475 700 est

152 723 382 760 animalitas
427 723 654 760 communis
702 731 739 759 et
770 722 921 759 animal
953 734 1183 769 commune,
1228 722 1335 770 quod
1382 734 1475 770 ergo

151 781 221 828 sic⁷
256 781 287 817 si
321 790 378 818 est
411 780 673 830 personalitas
707 779 947 827 communis,
993 781 1102 829 quod
1143 780 1193 816 sit
1233 789 1269 817 et
1302 792 1476 828 persona

153 840 401 888 communis;
434 839 528 888 quia
561 839 712 876 animal
745 851 827 875 non
851 839 1057 875 concernit
1080 842 1136 876 2¹¹¹
1161 850 1201 874 se
1225 850 1309 875 rem
1333 837 1476 875 indivi-

100 910 137 931 10
152 898 311 934 dualem
346 907 384 935 et
415 897 670 946 personalem
705 896 818 934 sicud
851 905 979 945 pater.
1033 898 1152 942 Quod
1190 896 1220 933 si
1255 896 1324 943 sic,
1365 905 1473 942 tunc,

151 955 265 992 sicud
298 968 379 993 non
412 964 543 1004 potest
576 968 660 993 esse
692 968 866 1004 persona
905 954 1132 992 communis
1170 954 1351 1003 pluribus
1385 967 1474 1003 per-

153 1013 275 1063 sonis,
320 1013 376 1050 sic
423 1026 497 1050 nec
541 1014 690 1051 animal
735 1025 953 1051 commune
996 1013 1178 1061 pluribus
1217 1012 1474 1051 animalibus.

153 1074 201 1109 Et
231 1071 345 1108 sicud
377 1072 526 1109 dictum
561 1080 619 1109 est
640 1073 750 1121 quod
782 1071 1038 1120 singularitas
1071 1079 1130 1109 est
1166 1071 1404 1118 communis,
1439 1079 1477 1107 et

153 1130 424 1167 communitas
458 1139 516 1167 est
548 1130 776 1179 singularis,
809 1130 863 1167 ita
895 1143 976 1167 esse
997 1130 1225 1180 contingens
1252 1130 1304 1165 ad
1325 1137 1474 1165 utrum-

98 1189 242 1227 15libet
273 1197 330 1225 est
363 1189 543 1226 absolute
575 1188 859 1235 necessarium,
895 1188 990 1237 quia
1023 1196 1155 1237 potest
1185 1200 1269 1225 esse
1291 1188 1400 1236 quod
1425 1186 1475 1224 sit

153 1246 389 1294 contingens
423 1248 473 1283 ad
506 1246 743 1283 utrumlibet
783 1255 819 1283 et
852 1259 935 1283 non
969 1254 1102 1295 potest
1133 1259 1214 1283 non
1247 1258 1332 1283 esse
1365 1246 1475 1294 quod

150 1304 200 1341 sit
234 1305 469 1353 contingens
502 1306 552 1341 ad
585 1305 840 1349 utrumlibet3
886 1304 994 1353 quia,
1041 1306 1136 1341 dato
1170 1306 1277 1353 quod
1310 1317 1392 1340 non
1425 1303 1475 1340 sit

151 1363 385 1411 contingens
429 1364 479 1400 ad
530 1363 777 1411 utrumlibet,
822 1372 917 1399 tunc
965 1375 1103 1399 verum
1146 1362 1384 1410 contingens
1424 1361 1474 1398 ad

150 1421 388 1457 utrumlibet
420 1430 476 1457 est
510 1422 618 1470 quod
651 1434 733 1458 non
767 1429 824 1457 est
856 1420 1094 1469 contingens
1134 1421 1184 1457 ad
1218 1419 1473 1456 utrumlibet:

94 1494 136 1516 20
150 1480 259 1527 quod
291 1479 472 1528 implicat
505 1479 888 1516 contradiccionem.
923 1478 1046 1527 Igitur
1069 1478 1307 1527 simpliciter
1339 1490 1474 1514 neces-

150 1538 298 1574 sarium
333 1547 391 1575 est
424 1550 508 1574 esse
542 1537 783 1586 contingens
817 1539 867 1575 ad
900 1536 1151 1575 utrumlibet.

217 1728 247 1758 3.
268 1729 360 1765 9c'nlt
380 1729 448 1758 MS.
524 1729 550 1757 5.
572 1729 668 1765 9c'n1t
688 1729 756 1759 MS.
832 1738 873 1758 10.
890 1716 918 1766 ”pi
935 1729 1003 1757 MS.

1688 271 1761 309 107

1558 383 1639 410 loscs
1659 382 1697 410 its

1523 418 1733 445 incommuni-

1558 452 1695 488 cability.

1532 488 1558 515 It
1577 487 1650 514 cloes
1671 492 1725 514 not

1447 547 1454 554 ,
1495 522 1609 555 follow,
1630 522 1760 549 because

1564 557 1649 584 there
1669 557 1695 584 is

1552 592 1705 619 universal

1529 627 1729 662 Personality,

1520 662 1585 689 that
1604 663 1690 689 there
1710 663 1736 690 is

1544 705 1561 724 a
1581 701 1722 724 concrete

1552 731 1706 759 universal

1566 766 1693 793 Person.

1532 1080 1589 1109 We
1608 1086 1697 1117 grant
1717 1090 1733 1109 a

1552 1116 1707 1144 universal

1535 1151 1726 1187 Singularity

1502 1186 1561 1213 and
1583 1194 1599 1213 a
1620 1187 1758 1221 singular

1517 1221 1690 1256 Universal,
1711 1222 1741 1249 in

1561 1256 1704 1284 different

1513 1298 1629 1325 scnses,
1651 1299 1684 1318 as
1704 1300 1750 1319 we

1507 1330 1597 1358 grant
1617 1326 1682 1353 that
1701 1327 1751 1353 the

1515 1359 1703 1395 Contingent
1723 1361 1749 1388 is

1541 1403 1716 1431 necessary.
