2067 3365
298 201 316 219 ¹>

297 220 316 228 a-

266 201 287 239 3

299 325 378 354 This
398 325 424 353 is
444 329 511 352 true

265 362 299 388 of
322 361 359 388 all
384 359 540 388 universal

287 397 397 434 forms,
420 395 521 422 which

283 440 333 458 are
355 431 419 458 said
441 436 471 457 to
494 430 529 456 be

283 465 458 500 predicated
482 466 529 499 (or

302 499 502 538 υιαηζΐεεΐεα)

352 537 455 564 unlike

320 572 490 607 particular

349 608 459 634 forms.

276 701 370 729 XVere
391 702 451 727 this
474 705 529 727 not

264 745 310 765 50.
334 737 416 763 {ltere
438 736 540 762 would

310 774 343 798 be
365 780 404 798 no
426 772 496 797 selt-

342 807 465 833 evident

294 843 462 878 principles
484 841 519 868 (lf

339 884 470 904 :elence.

319 1005 382 1033 For
401 1005 423 1032 it
444 1013 490 1031 we

288 1042 376 1068 knew
398 1045 452 1067 not
472 1040 523 1067 tlie

303 1076 511 1111 proposition,

281 1112 331 1139 tlie
352 1112 471 1138 science
492 1116 524 1137 ot

325 1147 375 1173 the
396 1146 483 1181 thing

280 1182 385 1208 would
408 1181 525 1208 remain

296 1217 460 1244 ltnowable
481 1224 514 1243 as

361 1260 442 1279 now.

306 1545 409 1573 Tliese
431 1545 500 1572 sels-

341 1581 465 1607 evident

283 1615 451 1652 principles
473 1623 523 1642 are

381 1659 426 1684 so,

282 1686 523 1721 independently

283 1722 318 1749 ot*
333 1722 413 1748 tlieir
435 1722 525 1754 beinf:¹

294 1766 329 1784 or
350 1761 403 1783 not
425 1757 516 1792 being

287 1792 470 1819 enunciated
493 1795 523 1820 in

318 1832 363 1854 set
382 1832 487 1854 ternis.

264 2248 366 2277 There
396 2249 421 2276 is
447 2249 542 2284 reali)¹

309 2292 348 2312 no
370 2284 445 2312 need
468 2289 498 2311 to

287 2327 382 2355 prove
404 2319 480 2346 this:
503 2320 528 2346 it'

283 2355 333 2382 the
355 2354 525 2391 adversary

353 2390 458 2416 denies

294 2425 344 2451 the
364 2424 515 2459 objective

300 2460 455 2487 existence
476 2460 510 2487 of

327 2496 432 2530 things
452 2495 482 2522 in

978 194 1205 227 *IOHANNIS
1232 193 1431 229 WYCLIF.
1721 192 1813 220 CAP·
1834 190 1887 220 VI-

558 304 784 341 communis
819 302 979 340 cuilibet
1011 301 1093 351 igni
1126 301 1323 339 obiective
1359 301 1588 338 manifestat
1627 314 1667 338 se
1701 311 1738 339 et
1772 303 1889 340 certi-

558 362 650 399 ficat
683 374 723 399 se
757 375 841 399 esse
875 362 949 398 toti
985 362 1158 408 mund0;
1194 370 1231 398 et
1263 360 1320 397 sic
1354 362 1402 397 de
1437 360 1716 397 consimilibus
1748 361 1889 399 formis

557 421 842 457 communibus
876 419 1212 457 substancialibus
1246 429 1284 457 et
1317 419 1636 456 accidentalibus
1659 420 1700 456 in
1724 420 1889 458 diversis

557 479 791 528 suppositis.
837 481 952 517 Unde
992 488 1028 515 et
1068 479 1196 515 forme
1242 491 1481 516 communes
1520 479 1811 516 substanciales
1851 487 1889 516 et

557 538 840 588 accidentales,
886 540 979 587 quia
1023 537 1234 586 publicant
1281 546 1318 574 et
1364 537 1621 574 manifestant
1653 549 1693 573 se
1726 537 1767 574 in
1801 547 1889 574 toto

559 599 723 641 mundo,
769 597 957 634 dicuntur
1003 609 1024 633 a
1069 596 1319 645 philosophis
1360 596 1575 644 predicari,
1622 608 1711 632 cum
1759 596 1889 633 sicin

557 665 643 692 toto
679 656 828 692 mundo
868 656 1127 704 publicantur
1160 664 1198 691 et
1238 655 1562 693 manifestantur.
1617 656 1763 692 Forme
1795 667 1889 692 vero

557 715 778 762 singulares
824 724 991 763 propter
1038 714 1216 762 ipsarum
1252 714 1453 762 privatum
1488 725 1583 760 esse,
1627 715 1691 749 ubi
1726 726 1799 750 nec
1833 713 1890 750 sic

556 786 628 821 per
664 774 857 809 mundum
892 772 1153 821 publicantur
1186 782 1221 808 et
1258 773 1577 823 manifestantur,
1610 773 1678 808 sed
1703 772 1887 821 privatim

557 832 596 867 in
642 840 839 880 tempore,
885 832 945 868 vel
990 831 1029 867 iu
1076 832 1178 871 loco.
1224 832 1284 868 vel
1325 841 1557 880 utrumque,
1606 832 1888 876 ostenduntur,

558 890 746 926 dicuntur
777 903 856 926 non
893 890 1089 938 predicari
1124 891 1192 926 sed
1227 891 1356 926 solum
1393 890 1470 927 dici
1506 890 1670 938 proprie
1704 903 1725 927 a
1759 889 1890 939 philo-

558 948 706 997 sophis.

616 1009 728 1052 Item,
776 1007 847 1043 nisi
890 1016 1021 1043 essent
1054 1007 1157 1043 vires
1203 1008 1300 1043 tales
1346 1020 1582 1043 communes
1616 1020 1636 1043 a
1671 1016 1786 1056 parte
1819 1006 1889 1051 rei,

557 1075 654 1103 tunc
698 1079 781 1102 non
827 1075 956 1103 essent
1003 1067 1166 1114 propria
1205 1079 1276 1114 per
1315 1078 1355 1102 se
1395 1066 1591 1114 principia
1631 1066 1670 1102 in
1704 1065 1889 1102 scienciis

557 1138 627 1174 per
661 1137 701 1161 se
737 1124 962 1161 manifesta.
997 1124 1037 1161 Si
1072 1124 1178 1161 enim
1213 1137 1293 1161 non
1333 1134 1391 1161 est
1431 1125 1506 1161 hoc
1539 1125 1782 1173 principium
1820 1137 1890 1173 per
1912 1131 1947 1161 1}

557 1197 597 1220 se
631 1193 771 1220 notum
808 1196 830 1220 a
864 1194 977 1231 parte
1012 1183 1068 1220 rei
1102 1184 1213 1232 quod
1247 1184 1370 1220 omnis
1403 1191 1530 1219 motus
1564 1191 1630 1228 est,
1664 1185 1732 1220 sed
1758 1185 1888 1221 solum

557 1244 663 1280 talis:
711 1241 991 1290 “proposieio,
1040 1242 1165 1278 omnis
1209 1249 1336 1278 motus
1380 1250 1436 1278 est
1476 1251 1533 1278 est
1567 1242 1813 1291 principium
1850 1241 1890 1278 in

557 1300 732 1338 sciencia
764 1301 990 1350 naturali’'3
1014 1328 1190 1340 ......
1215 1310 1252 1338 et
1286 1300 1394 1349 quia,
1430 1313 1673 1349 quacunque
1696 1301 1766 1338 tali
1799 1313 1890 1349 pro-

557 1360 761 1409 posicione
801 1359 1006 1406 existente,
1051 1360 1111 1396 vel
1145 1373 1227 1396 non
1265 1359 1472 1410 existente,
1507 1373 1589 1396 non
1623 1360 1756 1396 minus
1790 1368 1892 1396 esset

557 1428 595 1456 et
640 1427 821 1455 maneret
864 1418 1041 1455 sciencia
1084 1415 1315 1471 naturalis}
1352 1420 1399 1455 de
1438 1419 1749 1468 quibuscunque
1787 1418 1890 1456 veris

557 1477 763 1515 scibilibus
799 1486 835 1514 et
870 1476 1033 1526 proprie
1065 1477 1332 1516 naturalibus,

616 1536 825 1581 Similiter,
871 1549 1116 1585 quocunque
1161 1537 1336 1573 termino
1381 1536 1463 1582 tali,
1518 1549 1587 1573 ens
1635 1536 1784 1573 mobile
1829 1536 1890 1572 vel

558 1608 626 1632 ens
674 1596 872 1642 naturale,
919 1595 1110 1632 existente
1156 1596 1217 1632 vel
1256 1608 1335 1631 non
1377 1594 1580 1640 existente,
1630 1608 1710 1632 non
1758 1595 1890 1631 minus

559 1663 694 1691 manet
718 1654 805 1703 ipsa
827 1653 1003 1691 sciencia
1026 1654 1230 1692 naturalis.
1265 1655 1339 1690 Ubi
1366 1667 1459 1701 ergo
1490 1664 1702 1690 remanent
1726 1655 1888 1702 propria

559 1726 629 1762 per
662 1726 702 1749 se
735 1712 933 1761 principia
967 1726 1038 1761 per
1071 1725 1112 1749 se
1147 1712 1374 1757 manifesta,
1415 1713 1572 1749 science
1606 1713 1802 1749 naturalis
1838 1716 1889 1757 (et
1933 1718 1948 1749 ὃ

558 1772 613 1809 sic
647 1773 696 1808 de
729 1771 828 1817 aliis)
864 1771 1196 1809 communissima
1230 1784 1325 1819 ergo
1359 1781 1396 1808 et
1429 1771 1585 1808 stabilis
1619 1784 1665 1808 ac
1700 1771 1816 1807 firma
1850 1771 1889 1807 in

557 1830 746 1867 omnibus
770 1832 889 1867 rebus
913 1831 1167 1867 naturalibus
1190 1829 1431 1867 naturalitas
1454 1832 1514 1867 vel
1538 1829 1665 1867 eciam
1684 1830 1890 1866 mobilitas

557 1889 597 1925 in
629 1898 716 1926 toto
750 1891 902 1926 mundo
939 1891 1023 1937 [est]
1059 1902 1130 1938 per
1163 1902 1204 1926 se
1246 1889 1473 1939 manifesta,
1520 1898 1557 1925 et
1597 1889 1783 1925 similiter
1822 1888 1890 1925 illa

557 1948 674 1985 firma
709 1956 746 1984 et
779 1948 931 1985 stabilis
965 1961 986 1985 a
1020 1957 1133 1996 parte
1168 1947 1237 1985 rei.
1272 1950 1320 1984 Et
1353 1947 1394 1984 in
1428 1957 1515 1985 toto
1548 1949 1645 1984 orbe
1679 1947 1889 1984 manifesta

556 2007 716 2054 veritas,
751 2006 914 2054 scilicet,
951 2007 1115 2043 “omnis
1150 2016 1283 2043 motus
1319 2007 1423 2052 est‘'‚
1459 2016 1551 2043 sunt
1585 2008 1748 2055 propria
1780 2006 1888 2054 prin-
1908 2012 1948 2043 30

558 2065 663 2114 cipia
696 2078 767 2114 per
800 2078 840 2102 se
876 2066 1085 2103 manifesta
1108 2065 1272 2110 sciendi,
1307 2075 1344 2102 et
1368 2067 1732 2102 demonstrandum
1758 2064 1888 2113 philo-

558 2124 723 2173 sophice
761 2125 942 2161 occultas
983 2134 1019 2161 et
1064 2124 1312 2162 necessarias
1352 2124 1540 2162 veritates
1580 2125 1805 2161 naturales:
1852 2132 1890 2160 et

559 2185 611 2220 ita
644 2184 692 2220 de
726 2183 829 2221 aliis.

616 2244 664 2278 Et
688 2242 786 2291 quid
816 2255 977 2279 necesse
1001 2252 1058 2278 est
1091 2251 1291 2291 temptare
1315 2243 1544 2288 ostendere,
1580 2255 1622 2278 ex
1656 2241 1889 2278 nocioribus

557 2302 779 2337 secundum
822 2301 1069 2337 intellectum
1110 2302 1169 2338 vel
1208 2302 1429 2338 secundum
1472 2313 1650 2350 sensum,
1703 2300 1947 2337 veritates35

557 2360 615 2396 vel
640 2360 790 2396 formas
814 2359 1059 2396 universales
1093 2361 1129 2395 in
1164 2360 1307 2397 rebus?
1340 2362 1441 2396 Nam
1477 2359 1592 2396 sicud
1629 2359 1885 2395 manifestum

558 2427 593 2454 et
628 2419 928 2466 apertissimum
976 2418 1015 2455 in
1061 2428 1147 2455 toto
1183 2420 1338 2455 mundo
1379 2419 1599 2455 secundum
1638 2418 1886 2454 intellectum

558 2485 615 2513 est
655 2489 736 2513 esse
775 2490 859 2526 ens3
900 2490 1051 2528 ymmo,
1098 2479 1207 2527 quod
1248 2489 1359 2515 omne
1399 2490 1463 2513 ens
1503 2485 1558 2513 est
1591 2489 1656 2513 ens
1690 2475 1888 2525 (alioquin

1911 846 1948 866 lO

1929 1421 2011 1464 207¹*

952 2696 995 2724 13.
1017 2688 1060 2723 ff·
1083 2697 1151 2725 MS.

855 2742 903 2771 28.
926 2748 972 2770 est
992 2743 1076 2771 deest
1095 2743 1162 2771 MS.

629 2686 783 2742 Skpuatis
796 2696 863 2724 MS.

560 2750 608 2770 20.
631 2744 689 2769 vel*
711 2743 778 2770 MS.

1241 2705 1283 2731 14.
1304 2695 1362 2743 gij}
1385 2696 1453 2724 ms.

1239 2744 1287 2772 28.
1310 2744 1350 2772 sir
1376 2744 1442 2771 MS.

1533 2696 1797 2744 ififfanil'estuni
1819 2696 1887 2725 MS.

1518 2744 1566 2772 30.
1590 2747 1631 2772 vi⁵
1653 2744 1721 2772 MS.

634 2826 683 2858 18.
710 2827 754 2859 El
778 2829 874 2869 quia.
902 2828 1007 2859 Some
1035 2829 1153 2860 words
1179 2835 1273 2860 must
1299 2829 1341 2860 be
1368 2829 1525 2871 wanting
1552 2829 1671 2865 before
1697 2829 1807 2865 these.
