2067 3365
100 850 138 870 10

100 1131 136 1165 15

96 1433 138 1454 20

35 1602 118 1640 213,Β

99 1716 138 1748 25

98 2008 141 2040 30

99 2299 138 2333 35

152 197 241 224 CAP.
263 197 343 225 VIII.
582 199 641 231 DE
668 198 1046 231 UNIVERSALIBUS.

151 306 377 344 universale
420 306 690 343 substanciale
731 305 771 341 in
810 305 941 354 prima
981 305 1212 342 substancia
1244 314 1312 342 aut
1348 315 1405 343 est
1439 306 1477 343 in

153 378 198 402 ea
230 365 456 402 universale
502 363 773 401 substanciale
819 364 933 400 sicud
967 377 1037 412 per
1076 377 1116 401 se
1150 373 1258 400 stans
1292 374 1477 413 respectu

153 423 316 460 alterius
350 423 584 460 universalis
615 422 897 460 substancialis
933 425 985 468 <et
1014 422 1070 459 sic
1100 431 1157 458 est
1188 422 1375 471 species);
1411 432 1478 459 aut

153 490 211 519 est
256 481 369 518 sicud
414 483 600 519 substans
640 489 824 529 respectu
864 480 1029 517 alterius
1062 482 1293 518 universalis
1325 483 1363 517 in
1395 483 1479 530 ipsa

153 540 383 577 substancia
416 540 548 589 prima
581 540 635 586 (et
668 539 724 576 sic
758 548 815 576 est
849 547 886 576 et
918 547 1087 575 vocatur
1119 543 1278 587 genus>3
1320 548 1387 576 aut
1421 548 1479 576 est

153 599 265 635 sicud
312 607 545 647 superstans
580 597 619 634 in
652 597 783 646 prima
817 597 1049 634 substancia
1095 607 1279 646 respectu
1313 598 1478 634 alterius

153 657 389 693 universalis
421 656 702 693 substancialis
739 659 791 700 (et
821 656 876 692 sic
900 664 957 692 est
983 665 1019 692 et
1044 655 1190 692 dicitur
1214 655 1477 701 differencia).

154 715 194 751 Si
229 724 361 751 autern
410 724 467 751 est
512 714 736 751 universale
781 715 819 749 in
859 714 990 762 prima
1024 714 1257 751 substancia
1288 727 1369 751 non
1404 714 1478 750 sibi

154 773 437 817 substanciale‚
471 774 547 809 hoc
581 781 638 809 est
671 773 828 808 duobus
863 772 1015 808 modis:
1051 772 1144 820 quia
1178 782 1338 821 oportet
1372 774 1479 821 quod

152 832 231 868 tale
264 833 354 868 insit
387 831 461 867 sibi
495 840 584 879 post
619 840 656 867 et
695 830 915 867 secundum
952 831 1198 878 completum
1235 843 1317 868 esse
1350 844 1479 867 essen-

154 890 253 926 ciale
287 902 517 935 commune,
562 890 620 926 vel
656 898 747 937 post
781 898 817 925 et
851 891 1071 926 secundum
1116 890 1362 938 completum
1400 902 1481 926 esse

153 949 373 985 essenciale
405 948 466 984 vel
499 947 758 984 individuale.
794 949 842 983 Et
872 947 937 984 alii
968 947 1106 984 dicunt
1130 949 1201 984 sub
1225 948 1313 984 aliis
1336 948 1479 997 verbis,

153 1006 354 1044 videlicet:
385 1015 454 1043 aut
484 1006 585 1043 inest
611 1010 667 1044 2m
693 1005 893 1054 principia
924 1005 1071 1054 speciei
1104 1015 1171 1043 aut
1197 1010 1253 1044 2ῐῃ
1279 1006 1476 1055 principia

153 1065 360 1115 individui,
395 1064 509 1101 sicud
543 1064 687 1101 dicitur
719 1066 773 1100 X0
807 1064 1093 1112 metaphysiee.
1129 1064 1169 1101 Si
1200 1064 1390 1113 primum,
1424 1065 1480 1102 sic

153 1132 211 1160 est
244 1125 404 1172 proprie
438 1123 668 1171 proprium3
702 1122 733 1159 si
767 1122 1002 1173 secundum,
1036 1122 1091 1159 sic
1126 1132 1183 1160 est
1216 1123 1416 1162 accidens,

211 1184 260 1218 Et
307 1182 655 1230 quemadmodum
702 1183 739 1216 in
791 1181 922 1229 prima
975 1182 1207 1217 substancia
1259 1181 1391 1230 primo
1444 1190 1480 1218 et

152 1240 362 1289 potissime
384 1241 515 1277 solum
542 1239 812 1289 quintuplicia
836 1239 1078 1276 universalia
1098 1240 1293 1288 distingwi
1318 1241 1479 1285 habent,

154 1308 190 1335 et
215 1312 305 1336 cum
331 1298 458 1335 deitas
481 1311 562 1335 non
586 1298 635 1335 sit
659 1310 797 1346 genus,
833 1310 905 1334 nec
936 1297 1102 1346 species,
1138 1310 1210 1335 nec
1234 1298 1479 1342 differenda,

152 1370 225 1394 nec
261 1357 484 1406 proprium,
528 1369 659 1405 neque
694 1356 882 1393 accidens
918 1368 988 1404 per
1019 1356 1230 1393 formalem
1269 1356 1480 1393 inexisten-

154 1416 256 1453 ciam
294 1415 404 1464 (quia
436 1415 523 1463 ipsa
555 1428 637 1451 non
671 1423 803 1463 potest
835 1427 958 1451 unum
986 1414 1025 1450 in
1051 1415 1187 1451 multis
1212 1423 1248 1451 et
1274 1416 1321 1451 de
1346 1415 1480 1451 multis

154 1474 249 1521 dici)
306 1487 386 1510 non
444 1482 577 1522 potest
635 1485 720 1510 esse
780 1472 1034 1520 [universale]
1089 1473 1183 1521 quia
1223 1486 1303 1510 non
1348 1483 1481 1522 potest

156 1545 240 1569 esse
279 1533 327 1568 de
367 1531 571 1580 aliquibus
606 1530 871 1568 materialiter
909 1530 1140 1573 subiective,
1180 1532 1240 1568 vel
1276 1535 1332 1570 2¹n
1368 1532 1482 1579 alios,

155 1590 251 1640 quia
285 1604 366 1628 non
399 1599 531 1639 potest
561 1586 565 1643 Ι
596 1602 679 1627 esse
712 1603 837 1626 unum
873 1591 909 1626 in
936 1589 1072 1626 multis
1096 1590 1261 1627 diversis
1286 1590 1483 1628 6336116ἰᾶ-

156 1649 265 1696 liter3
298 1650 359 1686 vel
394 1648 519 1686 eciam
556 1649 650 1697 quia
673 1648 905 1697 philosophi
933 1648 1098 1696 gentiles
1122 1661 1203 1685 non
1228 1649 1483 1686 erediderunt

157 1709 265 1756 quod
301 1710 407 1744 Deus
452 1716 588 1756 posset
635 1719 719 1744 esse
764 1707 989 1743 formaliter
1035 1707 1073 1742 in
1120 1707 1302 1755 pluribus
1336 1721 1483 1756 suppo-

156 1765 254 1813 sitis,
290 1779 380 1803 cum
414 1774 550 1803 tamen
583 1765 631 1802 sit
664 1765 887 1802 formaliter
920 1765 958 1801 in
988 1765 1145 1802 talibus.
1182 1768 1239 1803 De
1268 1766 1483 1814 predicatis

155 1824 578 1862 transcendentalibus
622 1832 753 1873 potest
798 1823 875 1861 dici
921 1825 1028 1873 quod
1076 1837 1156 1860 non
1191 1824 1239 1861 sit
1283 1838 1407 1861 unum
1443 1825 1483 1861 in

157 1883 292 1919 multis
336 1891 374 1920 et
417 1884 465 1919 de
513 1882 659 1929 multis,
706 1882 761 1919 ita
805 1884 913 1931 quod
962 1895 1042 1919 non
1082 1883 1131 1919 sit
1171 1883 1218 1919 de
1260 1883 1394 1920 multis
1434 1885 1483 1920 ad

155 1954 313 1978 sensum
349 1941 587 1990 expositum,
629 1940 723 1990 quia
756 1953 838 1977 non
874 1940 1136 1978 materialiter
1175 1941 1393 1978 subiective
1427 1951 1485 1978 est

157 2012 224 2037 ens
257 2001 547 2037 transcendens
578 2001 625 2036 de
657 1998 804 2038 multis.
839 2001 885 2035 Et
910 1999 1036 2036 eciam
1069 1999 1278 2036 beatitudo
1303 2000 1485 2037 formalis

157 2058 397 2106 communis,
451 2071 540 2095 cum
596 2071 678 2095 non
731 2057 780 2094 sit
834 2070 956 2106 genus
1009 2070 1139 2107 neque
1192 2058 1356 2107 species,
1410 2072 1485 2095 nec

156 2117 402 2166 differencia,
448 2129 521 2153 nec
567 2116 792 2165 proprium,
838 2129 910 2153 nec
944 2116 1145 2163 accidens,
1186 2130 1267 2153 non
1307 2126 1364 2154 est
1397 2117 1485 2153 uni-

154 2176 319 2222 versale,
354 2175 447 2224 quia
480 2188 561 2212 non
597 2184 655 2211 est
687 2174 743 2211 sic
767 2176 815 2211 de
841 2175 989 2213 multis,
1020 2175 1098 2212 Alii
1123 2183 1256 2211 autem
1283 2175 1483 2213 dicerent:

156 2234 249 2283 quia
302 2247 383 2271 non
437 2242 570 2282 potest
623 2246 708 2270 esse
762 2234 901 2270 eadem
963 2233 1107 2270 entitas
1166 2233 1393 2271 formaliter
1444 2234 1483 2270 in

155 2292 343 2329 omnibus
377 2293 507 2331 rebus.
550 2291 718 2328 Videtur
750 2300 902 2339 tamen,
936 2291 1047 2328 sicud
1083 2301 1233 2329 tactum
1270 2301 1340 2342 est,
1374 2294 1482 2341 quod

155 2350 380 2388 universale
428 2363 552 2387 unum
598 2363 761 2387 versans
808 2350 914 2387 circa
959 2350 1190 2398 singularia,
1246 2352 1364 2388 debet
1417 2351 1484 2389 illa

156 2409 356 2458 respicere
409 2409 464 2446 sic
517 2410 624 2458 quod
676 2408 744 2446 illa
800 2408 1059 2446 inexistentes
1121 2409 1388 2457 performaret
1448 2418 1483 2446 et

228 2603 256 2631 8.
278 2603 326 2638 p’a
348 2603 414 2630 MS.
490 2611 536 2631 21.
558 2603 732 2631 universale
753 2603 837 2631 deest
858 2603 924 2630 MS.
1001 2612 1050 2639 24.
1074 2604 1135 2640 phy
1157 2604 1223 2632 MS.

231 2686 284 2720 35.
318 2687 354 2718 In
394 2686 496 2718 other
532 2694 650 2728 ternis,
688 2687 747 2719 the
772 2687 957 2719 Universal
998 2694 1091 2719 must
1131 2688 1324 2719 determine
1358 2688 1401 2719 all
1442 2689 1483 2719 its

159 2733 342 2775 singulars,
370 2735 437 2765 and
464 2733 592 2776 belong
617 2741 653 2764 to
678 2733 785 2777 thern,
814 2735 846 2765 in
873 2734 931 2765 the
955 2744 1054 2767 same
1078 2745 1166 2775 way.
1195 2736 1285 2766 Now
1305 2735 1382 2766 God
1411 2735 1438 2766 is
1466 2745 1483 2766 a

158 2780 286 2822 Being;
319 2780 379 2812 but
406 2781 524 2822 Entity
551 2781 697 2822 belongs
724 2787 759 2812 to
788 2782 867 2812 Him
896 2782 929 2811 in
958 2792 975 2812 a
1002 2781 1161 2813 different
1186 2791 1263 2823 way
1291 2781 1380 2812 from
1410 2781 1484 2812 that

158 2825 319 2858 affirmet}
347 2827 387 2859 of
410 2834 596 2859 creatures.
1358 2826 1359 2829 ’

1717 202 1768 240 45

1510 312 1610 340 whole
1631 321 1756 341 essence

1582 348 1617 375 of
1633 349 1683 375 the

1494 382 1679 416 individual,
1710 383 1768 410 and

1526 417 1551 443 is
1573 425 1589 443 a
1608 419 1739 451 speciem

1505 460 1540 478 or
1560 451 1582 478 it
1604 453 1760 480 underlies

1571 487 1702 515 another

1526 521 1687 549 Universa]
1710 522 1739 549 in

1554 556 1604 582 the
1625 558 1713 592 given

1547 591 1717 619 individua!

1516 627 1657 661 (gemam
1679 635 1715 654 or
1735 627 1755 654 it

1539 662 1728 689 determines

1571 697 1701 724 another

1532 730 1735 767 (differ-enee).

1540 778 1568 805 Is
1587 778 1606 805 it
1628 778 1653 805 is
1675 783 1727 805 not

1495 814 1650 847 esst-utini,
1677 815 1773 841 either

1520 849 1538 874 it
1561 855 1748 883 supervenes

1506 887 1536 909 to
1557 883 1608 909 the
1629 884 1763 911 abstract

1507 925 1632 944 essence
1653 919 1711 945 and
1734 919 1760 946 is

1504 961 1520 979 a
1537 956 1706 989 properly;
1728 962 1763 981 or

1501 992 1532 1014 to
1554 988 1602 1015 the
1623 993 1766 1016 concrete

1504 1023 1683 1058 individual,
1706 1024 1765 1051 and

1507 1059 1532 1084 is
1554 1066 1590 1085 :in
1613 1059 1763 1086 accident.

1517 1187 1597 1214 Now
1619 1187 1707 1224 Deity
1728 1188 1754 1215 is

1512 1230 1592 1249 110116
1613 1224 1647 1250 ot‘
1664 1224 1758 1257 these,

1518 1258 1578 1284 and
1601 1259 1755 1285 therefore

1530 1298 1644 1319 cannot
1666 1294 1701 1320 be
1722 1302 1737 1320 a

1548 1327 1722 1363 Universa}⁷

1525 1363 1695 1403 according
1716 1370 1746 1390 10

1521 1405 1579 1424 0111·
1600 1398 1745 1425 moditied

1549 1433 1719 1460 definition.

1506 1773 1608 1808 Eutity
1630 1773 1717 1806 again
1741 1773 1767 1799 is

1511 1813 1564 1835 1101
1586 1809 1762 1841 predicate-:i

1499 1844 1533 1870 of
1557 1843 1593 1870 all
1621 1843 1725 1877 things
1747 1844 1774 1870 in

1500 1879 1549 1905 the
1570 1886 1659 1904 sense
1674 1878 1775 1912 given.

1512 1913 1578 1941 Nor
1602 1913 1626 1939 is
1648 1913 1727 1940 Bliss
1750 1921 1764 1940 a

1552 1949 1675 1983 generic
1695 1957 1731 1975 or

1524 1983 1648 2018 specific
1668 1988 1758 2016 term,

1500 2026 1536 2045 or
1559 2026 1617 2054 any
1639 2018 1725 2045 011161·
1745 2020 1777 2045 ot

1512 2053 1560 2080 the
1582 2054 1649 2080 five.
1670 2053 1771 2089 Some(

1535 2096 1588 2123 say
1610 2088 1673 2115 that
1694 2089 1744 2115 the

1539 2131 1624 2150 same
1645 2123 1741 2158 entity

1528 2162 1641 2185 cannot
1664 2158 1698 2185 be
1719 2160 1747 2186 in

1505 2194 1541 2220 all
1564 2194 1602 2220 its
1624 2193 1775 2227 subjects;

1510 2229 1561 2256 but
1581 2228 1592 2255 I
1612 2228 1698 2256 think
1719 2230 1770 2256 the

1564 2271 1673 2291 reason
1694 2265 1720 2291 is

1539 2299 1668 2326 because
1687 2300 1740 2326 the

1558 2334 1721 2361 Universa!

1528 2368 1639 2396 should
1663 2369 1698 2396 be
1718 2373 1749 2396 to

1499 2403 1536 2430 its
1564 2403 1719 2438 singulars
1743 2412 1776 2431 as

1542 2438 1633 2466 Form
1656 2439 1682 2466 is
1704 2443 1734 2465 to

1578 2473 1699 2501 Matter.
