2067 3365
249 223 294 258 18

241 637 375 672 Sharing
395 637 467 665 thus
487 639 517 665 in

302 673 353 700 the
374 681 458 699 same

304 708 411 743 entity‚
432 708 454 735 it

265 743 410 770 becomes
431 748 497 770 true

249 779 293 812 (in
315 787 331 805 a
352 782 455 812 sense)
477 783 508 805 to

240 822 293 849 say
310 815 375 840 that
395 816 444 840 the
466 822 516 841 ass

239 849 264 875 is
284 849 324 875 its
345 849 432 883 ldea;
465 849 516 876 but

307 884 369 910 this
389 883 415 910 is
436 892 452 910 a

275 918 404 946 delicate
426 919 486 946 and

315 954 442 981 difficult

300 990 456 1024 question.

279 1397 337 1426 We
361 1399 472 1426 should

236 1433 383 1469 carefully
422 1434 511 1462 avoid

272 1469 487 1505 scandalizing

256 1505 307 1531 the
328 1505 415 1532 weak
435 1505 495 1532 and

262 1540 313 1566 the
335 1548 491 1574 perverse,

262 1575 322 1601 and
344 1580 420 1602 treat
439 1576 491 1602 the

261 1610 362 1637 whole
384 1615 494 1638 matter

236 1645 310 1672 with
351 1653 514 1673 reverence

261 1680 319 1707 and
343 1681 436 1717 piety,
459 1681 488 1708 in

236 1716 338 1742 which
360 1724 407 1743 we
431 1717 513 1743 often

271 1751 335 1778 tait.
358 1751 415 1778 But
436 1760 482 1778 we

255 1786 351 1818 ought
372 1791 401 1813 to
424 1786 497 1813 hold

254 1821 365 1857 firmiy,
387 1830 426 1849 on
447 1822 497 1849 the

255 1864 313 1882 one
335 1857 415 1884 hand
438 1859 503 1883 that

281 1893 331 1918 the
352 1900 467 1927 proper

237 1926 325 1960 being
345 1928 379 1954 of
397 1928 448 1954 the
462 1936 512 1954 ass

237 1962 260 1988 is
288 1966 341 1988 not
367 1962 510 1989 identicai

256 1997 328 2023 with
352 1997 389 2024 ils
410 1998 494 2028 Idea,

235 2033 294 2058 and
316 2033 382 2059 vice
400 2030 510 2067 vers&

273 2068 331 2094 and
352 2068 417 2094 that
438 2069 476 2095 its

282 2103 463 2138 intelligible

307 2138 396 2173 being
416 2139 442 2165 is

299 2174 446 2209 eternally

304 2208 447 2236 idenlical

281 2243 460 2272 therewitn:

255 2581 322 2609 The
344 2583 423 2609 ideal
447 2592 500 2610 ass

248 2617 273 2643 is
295 2623 346 2644 not
368 2621 417 2645 tire
439 2620 497 2645 real

233 2660 294 2685 ass,
326 2657 374 2679 tos
398 2655 468 2680 then
491 2659 511 2681 rt

235 2688 334 2714 would
366 2689 400 2715 be
425 2697 510 2717 more

969 231 1196 263 JOHANNIS
1223 230 1420 265 WYCLIF.
1696 228 1786 256 CAP.
1807 228 1859 257 IV.

533 337 666 387 primo
700 337 879 375 debitam
914 347 1004 375 ente
1037 338 1338 376 transcendenti
1373 337 1650 376 communicat
1683 338 1798 375 asino
1824 347 1861 375 et

534 396 696 433 cuilibet
734 396 1033 445 quantumlibet
1078 396 1302 446 inperfecto
1349 397 1429 433 enti
1480 396 1520 433 in
1572 397 1738 446 propria
1782 396 1860 434 exi-

534 455 703 503 stencia3
740 465 776 491 et
809 455 849 491 in
882 455 950 492 illa
984 456 1071 492 unit
1105 464 1142 493 et
1173 455 1453 505 ydemptificat
1476 469 1546 493 ens
1570 458 1861 493 transcendens

534 527 624 550 cum
665 513 845 562 quolibet
889 514 973 561 tali,
1032 523 1069 550 et
1120 523 1301 563 econtra;
1354 523 1392 551 et
1429 514 1485 552 sic
1524 514 1661 552 asinus
1701 524 1759 551 est
1793 527 1862 551 ens

533 574 824 609 transcendens
858 581 895 609 et
928 582 1106 611 econtra.
1882 579 1896 610 5

593 630 659 668 Sic
698 631 799 667 forte
838 641 974 679 posset
1014 631 1160 680 aliquis
1198 630 1419 680 opiniative
1453 631 1594 680 dicere*
1620 633 1738 680 quod‘
1764 633 1861 668 deus

532 689 729 726 unitatem
767 699 804 726 et
837 689 1160 738 ydemptitatem,
1196 690 1329 738 primo
1363 690 1540 727 debitam
1575 691 1674 739 ydee
1698 689 1862 738 proprie

533 748 650 795 asini,
686 749 794 785 illam
830 749 1107 785 communicat
1139 748 1253 786 asino
1287 757 1324 786 et
1346 762 1428 785 non
1451 748 1519 786 alii
1544 757 1726 786 creature
1750 748 1863 786 cuius

533 820 613 843 non
655 816 713 844 est
753 807 840 855 ipsa
873 809 992 854 ydea:
1039 816 1077 845 et
1109 807 1330 844 secundum
1366 809 1442 844 hoc
1474 807 1563 844 unit
1595 816 1633 844 et
1664 807 1863 856 ydempti-

533 865 625 902 ficat
657 867 799 914 ydeam
836 865 1044 914 propriam
1081 879 1170 903 curn
1205 879 1278 903 suo
1311 867 1471 914 ydeat0,
1520 876 1558 903 et
1592 875 1768 904 econtra.
1817 868 1864 902 Et
1881 879 1922 902 10

532 924 588 960 sic
622 926 843 961 secundum
876 925 997 960 talem
1026 924 1218 961 unionem
1243 925 1350 973 apud
1373 924 1574 973 sapientes
1598 934 1701 962 esset
1722 937 1860 961 verum

532 984 639 1031 quod
681 982 817 1019 asinus
857 992 915 1019 est
954 996 1025 1020 sua
1064 985 1186 1031 ydea;
1232 993 1270 1021 et
1312 993 1479 1021 econtra
1526 993 1584 1020 est
1629 983 1862 1032 predicacio

530 1041 590 1077 vel
643 1042 784 1078 fundat
837 1040 1166 1090 predicacionem
1211 1055 1294 1079 non
1338 1043 1549 1079 formalem
1598 1041 1860 1079 intrinsecam

529 1098 648 1136 unius
689 1101 738 1137 de
777 1100 903 1136 altero
943 1102 1164 1137 secundum
1206 1100 1487 1138 habitudinem
1532 1114 1611 1149 qua
1643 1114 1769 1138 unum
1805 1110 1862 1138 est

530 1158 696 1206 propria
719 1159 849 1195 forma
874 1158 1115 1207 exemplaris
1138 1159 1315 1206 alterius,
1348 1173 1472 1196 unum
1498 1158 1642 1208 recipit
1664 1159 1861 1196 unitatem
1885 1163 1919 1196 15

531 1225 567 1253 et
606 1217 915 1266 ydemptitatem
957 1217 1142 1266 alterius;
1189 1227 1227 1255 et
1266 1218 1323 1255 sic
1362 1218 1560 1254 uniuntur
1592 1227 1629 1254 et
1662 1218 1861 1267 ydempti-

531 1276 717 1323 ficantur,
751 1284 794 1313 ut
827 1277 961 1313 asinus
995 1276 1046 1313 sit
1068 1277 1182 1327 ydea,
1213 1285 1250 1313 et
1274 1286 1452 1316 econtra.
1487 1277 1702 1313 Sentencia
1727 1286 1861 1314 autem

530 1334 569 1370 in
604 1335 679 1371 hac
712 1335 882 1372 materia
917 1344 974 1372 est
1006 1335 1179 1372 sciencie
1212 1344 1250 1372 et
1283 1335 1456 1384 pietatis.

591 1394 705 1430 Unde
739 1402 855 1430 caute
889 1395 1060 1431 tacenda
1094 1403 1150 1431 est
1185 1407 1322 1431 coram
1349 1393 1537 1441 infirmis,
1571 1393 1720 1442 ignaris
1744 1393 1860 1431 disci-

530 1451 649 1499 pulis,
699 1461 735 1488 et
780 1453 997 1501 protervis3
1043 1462 1080 1489 et
1117 1461 1249 1490 totum
1285 1466 1374 1490 cum
1411 1449 1415 1507 Ι
1452 1453 1598 1490 timore
1638 1461 1676 1489 ct
1714 1452 1864 1501 pietate
1905 1468 1964 1489 201

530 1510 695 1547 tractari
730 1512 859 1548 debet.
896 1514 944 1548 Et
977 1511 1071 1560 quia
1106 1511 1147 1548 in
1177 1513 1253 1549 hoc
1275 1511 1496 1560 plurimum
1523 1510 1747 1556 deficimus,
1782 1524 1863 1548 non

531 1578 588 1605 est
643 1569 791 1606 mirum
845 1571 952 1619 quod
1007 1571 1210 1607 modicum
1255 1570 1436 1607 veritatis
1481 1570 1522 1607 in
1570 1571 1645 1606 hac
1693 1584 1734 1607 re
1779 1580 1861 1607 tam

531 1627 773 1665 abscondita
808 1628 1107 1677 cognoscimus.
1158 1631 1204 1665 Et
1237 1630 1609 1678 quomodocunque
1643 1629 1861 1666 altercacio

531 1686 601 1722 fiat
636 1695 673 1723 et
708 1687 921 1725 contencio
955 1688 1003 1724 de
1037 1687 1168 1724 verbis
1201 1688 1320 1725 huius
1345 1687 1525 1733 materie,
1562 1687 1863 1725 sentencialiter

530 1745 750 1782 tenendum
791 1755 850 1783 est
883 1747 992 1795 quod
1025 1746 1163 1783 asinus
1196 1760 1278 1783 non
1312 1756 1371 1783 est
1404 1747 1443 1783 in
1477 1759 1549 1783 sua
1583 1747 1748 1795 propria
1782 1747 1919 1783 for-25

532 1803 627 1840 mali
661 1803 875 1841 existencia
908 1804 948 1841 in
984 1814 1117 1842 mente
1151 1805 1287 1842 divina
1320 1806 1436 1854 ydea,
1469 1818 1543 1842 nec
1576 1806 1677 1853 ydea
1711 1805 1778 1842 illa
1803 1814 1862 1842 est

530 1861 570 1898 in
603 1862 771 1911 propria
803 1876 875 1900 sua
908 1864 1040 1900 forma
1073 1863 1224 1912 asinus³
1259 1866 1328 1901 sed
1354 1864 1490 1901 asinus
1515 1864 1635 1901 habet
1663 1865 1862 1913 quodam-

530 1922 653 1957 modo
693 1934 774 1958 esse
806 1922 972 1970 proprie
1007 1922 1219 1971 proprium
1253 1924 1394 1971 ydeale
1426 1923 1467 1959 in
1503 1932 1636 1959 mente
1671 1922 1734 1959 dei
1768 1932 1861 1959 ante

528 1992 649 2015 omne
700 1992 782 2016 esse
834 1990 1025 2020 creatum.
1085 1983 1133 2017 Et
1178 1981 1264 2030 ipse
1304 1981 1441 2018 asinus
1483 1994 1572 2018 cum
1613 1994 1735 2018 omne
1775 1994 1861 2019 esse

528 2047 708 2075 creatum
756 2048 841 2076 erat
887 2049 924 2076 et
973 2048 1032 2076 est
1077 2053 1176 2088 pure
1222 2040 1322 2077 illud
1368 2053 1484 2077 suum
1526 2039 1738 2089 proprium
1779 2044 1920 2076 essesso

527 2098 685 2144 ydeale3
737 2106 773 2134 et
807 2098 863 2135 sic
895 2100 998 2146 ydea
1031 2108 1069 2135 et
1102 2098 1238 2136 asinus
1271 2109 1363 2135 ante
1396 2112 1516 2136 omne
1550 2111 1631 2135 6336
1664 2107 1859 2136 creatum.

529 2157 606 2192 Sed
647 2156 745 2192 illud
785 2170 932 2205 purum
968 2169 1050 2194 esse
1081 2157 1291 2206 proprium
1326 2158 1467 2206 ydeale
1501 2166 1586 2195 erat
1619 2166 1656 2194 et
1690 2166 1747 2194 est
1779 2157 1860 2194 vita

527 2213 683 2262 prima;
729 2217 797 2252 sed
842 2217 944 2264 ydea
989 2229 1072 2253 non
1112 2226 1170 2253 est
1203 2216 1354 2265 asinus,
1398 2216 1492 2265 quia
1525 2228 1598 2253 nec
1634 2224 1693 2253 est
1724 2215 1860 2254 asinus

528 2282 620 2310 ante
658 2285 742 2310 esse
783 2284 977 2322 creatum,
1024 2288 1116 2312 cum
1155 2288 1237 2311 non
1275 2274 1324 2311 sit
1358 2288 1439 2312 esse
1470 2275 1621 2311 asinum
1656 2283 1746 2312 ante
1780 2288 1862 2311 esse

527 2339 722 2379 creatum3
769 2345 841 2370 nec
879 2334 981 2381 ydea
1027 2343 1086 2371 est
1119 2334 1256 2370 asinus
1289 2343 1379 2382 post
1411 2346 1493 2370 6336
1525 2342 1720 2381 creatum,
1768 2346 1857 2370 cum
1878 2337 1916 2369 35

527 2399 664 2427 tamen
716 2392 819 2439 ydea
870 2392 983 2428 fieret
1028 2392 1165 2429 asinus
1211 2401 1428 2441 postquam
1474 2392 1586 2441 prius
1630 2405 1711 2428 non
1758 2401 1860 2429 esset

527 2447 677 2495 asinus,
723 2459 762 2486 et
807 2450 864 2487 sic
905 2463 949 2488 ex
988 2452 1130 2488 eodem
1172 2451 1252 2488 vita
1288 2450 1420 2499 prima
1454 2454 1565 2499 (puta
1599 2452 1711 2497 deus)
1748 2451 1861 2487 fieret

527 2506 679 2557 asinus,
725 2509 801 2555 leo,
849 2522 983 2557 caper,
1029 2523 1169 2559 equuS,
1213 2519 1286 2547 etc.
1327 2510 1436 2558 quod
1472 2518 1530 2546 est
1562 2509 1860 2547 inconveniens.

527 2567 609 2602 Nec
643 2566 675 2603 si
709 2569 759 2603 ad
794 2569 943 2604 bonum
980 2581 1140 2604 sensum
1177 2577 1213 2604 et
1248 2568 1510 2614 intellectum,
1545 2568 1681 2604 asinus
1716 2577 1773 2604 est
1800 2569 1859 2605 vel

527 2633 611 2661 erat
664 2626 765 2673 ydea
820 2627 1044 2677 [sequitur],
1096 2628 1204 2675 quod
1257 2627 1377 2674 igitur
1420 2628 1523 2674 ydea
1567 2635 1625 2663 est
1669 2627 1729 2663 vel
1775 2635 1919 2671 erat4o

525 2683 682 2730 asinus;
730 2684 824 2732 quia
858 2685 994 2722 asinus
1029 2694 1122 2721 ante
1155 2698 1237 2722 esse
1269 2694 1451 2722 creature
1485 2694 1543 2722 est
1575 2685 1634 2722 vel
1669 2694 1755 2722 erat
1788 2698 1859 2721 sua

598 2873 618 2893 1.
643 2875 656 2893 a
680 2866 743 2894 suis
766 2867 833 2894 MS.
911 2875 960 2895 20.
982 2868 1093 2895 tonum
1116 2867 1182 2895 MS.
1257 2876 1308 2902 40.
1331 2867 1469 2903 sequitur
1490 2867 1575 2895 deest
1594 2868 1663 2895 MS.
